@INPROCEEDINGS{p001, 
author={Zhongjie Wang and Fei Xu and Xiaofei Xu}, 
booktitle={Services Computing (SCC), 2012 IEEE Ninth International Conference on}, 
title={A Cost-Effective Service Composition Method for Mass Customized QoS Requirements}, 
year={2012}, 
month={June}, 
pages={194-201}, 
keywords={greedy algorithms;quality of service;recursive functions;service-oriented architecture;MC4MR algorithm;OC4MR algorithm;computation complexity;cost-effective service composition method;greedy strategies;mass customized QoS requirements;one-composition-for-one-requirement;personalized QoS constraints;potential benefit;recursive strategies;Availability;Concrete;Mass customization;Optimization;Quality of service;Software;cost-effectiveness;mass customization;personalized QoS requirements;service composition}, 
doi={10.1109/SCC.2012.5}
}

@INPROCEEDINGS{p002, 
author={Jin Wu and Zhili Sun}, 
booktitle={Digital Information Management, 2008. ICDIM 2008. Third International Conference on}, 
title={A cross-layer quality driven approach in Web service selection}, 
year={2008}, 
month={Nov}, 
pages={656-661}, 
keywords={Web services;software architecture;Web service selection;cross-layer quality driven approach;network performance;qualitative reasoning method;service oriented architecture;Availability;Communication networks;Containers;Costs;Current measurement;Quality of service;Service oriented architecture;Sun;Telecommunication network reliability;Web services}, 
doi={10.1109/ICDIM.2008.4746795},}

@INPROCEEDINGS{p003, 
author={Dongmei Liu and Zhiqing Shao and Caizhu Yu and Guisheng Fan}, 
booktitle={Computer and Information Science, 2009. ICIS 2009. Eighth IEEE/ACIS International Conference on}, 
title={A Heuristic QoS-Aware Service Selection Approach to Web Service Composition}, 
year={2009}, 
month={June}, 
pages={1184-1189}, 
keywords={Web services;decision making;quality of service;resource allocation;MCDM technique;Web service composition;application integration;convex hull frontiers method;heuristic QoS-aware service selection approach;mathematical model;multiple criteria decision making;quality-of-service;resource sharing;Computer science;Delay;Heuristic algorithms;Information science;Laboratories;Mathematical model;Quality of service;Resource management;Service oriented architecture;Web services;QoS;Web service;convex hull;selection algorithm}, 
doi={10.1109/ICIS.2009.76},}

@INPROCEEDINGS{p004, 
author={Xinfeng Ye and Mounla, R.}, 
booktitle={Web Services, 2008. ICWS '08. IEEE International Conference on}, 
title={A Hybrid Approach to QoS-Aware Service Composition}, 
year={2008}, 
month={Sept}, 
pages={62-69}, 
keywords={Web services;case-based reasoning;genetic algorithms;integer programming;quality of service;QoS-aware service composition;case-based reasoning;genetic algorithms;integer programming;Availability;Computer science;Costs;Delay;Fluctuations;Genetic algorithms;Linear programming;Quality of service;Throughput;Web services}, 
doi={10.1109/ICWS.2008.29},}

@INPROCEEDINGS{p005, 
author={Xingzhi Feng and Yi Ren and Jianqiang Hu and Quanyuan Wu and Yan Jia}, 
booktitle={Computing: Theory and Applications, 2007. ICCTA '07. International Conference on}, 
title={A Model for Service Composition with Multiple QoS Constraints}, 
year={2007}, 
month={March}, 
pages={208-213}, 
keywords={Web services;business data processing;quality of service;Web service composition;business process;multiple QoS constraint;service-oriented computing;subjective-objective weight mode;utility function;Availability;Collaboration;Computers;Constraint theory;Costs;Delay;Formal specifications;Ontologies;Quality of service;Web services}, 
doi={10.1109/ICCTA.2007.12},}

@INPROCEEDINGS{p006, 
author={D'ambrogio, A.}, 
booktitle={Web Services, 2006. ICWS '06. International Conference on}, 
title={A Model-driven WSDL Extension for Describing the QoS ofWeb Services}, 
year={2006}, 
month={Sept}, 
pages={789-796}, 
keywords={Web services;XML;quality of service;QoS-oriented characteristics;UML model;Unified Modeling Language;Web Service Definition Language;Web service definitions;XML;eXtensible Markup Language;metamodel transformation;model driven architecture;quality of service;service level agreement;service-oriented architecture;Computer science;Distributed computing;Electronic mail;Predictive models;Production systems;Quality of service;Service oriented architecture;Unified modeling language;Web services;XML}, 
doi={10.1109/ICWS.2006.10},}

@INPROCEEDINGS{p007, 
author={Jafarpour, N. and Khayyambashi, M.R.}, 
booktitle={Web Systems Evolution (WSE), 2009 11th IEEE International Symposium on}, 
title={A new approach for QoS-aware Web service composition based on Harmony Search algorithm}, 
year={2009}, 
month={Sept}, 
pages={75-78}, 
keywords={Web services;evolutionary computation;quality of service;QoS aware web service composition;harmony search algorithm;optimal quality;optimization problem;Availability;Concrete;Gallium;Mathematical model;Optimization;Quality of service;Web services}, 
doi={10.1109/WSE.2009.5630403}, 
ISSN={1550-4441},}

@INPROCEEDINGS{p008, 
author={Wei Huang and Peifeng Li and Qiaoming Zhu}, 
booktitle={Web Information Systems and Applications Conference, 2009. WISA 2009. Sixth}, 
title={A Novel Approach to Grid Service Composition with QoS Global Optimization}, 
year={2009}, 
month={Sept}, 
pages={156-160}, 
keywords={Web services;grid computing;QoS aware composition optimization problem;QoS global optimization;automatic service composition;grid service composition;service composition approach;Ant colony optimization;Application software;Computer science;Concrete;Grid computing;Information systems;Large-scale systems;Linear programming;Power engineering computing;Quality of service;ACO;Grid service composition;QoS;global optimization}, 
doi={10.1109/WISA.2009.11},}

@INPROCEEDINGS{p009, 
author={Yulong Liu and Lei Wu and Shijun Liu}, 
booktitle={Services Computing Conference (APSCC), 2012 IEEE Asia-Pacific}, 
title={A Novel QoS-Aware Service Composition Approach Based on Path Decomposition}, 
year={2012}, 
month={Dec}, 
pages={76-82}, 
keywords={Web services;case-based reasoning;genetic algorithms;quality of service;service-oriented architecture;QoS constraint;QoS-aware service composition approach;Web services;case library;case-based reasoning;fine-grained execution fragment;genetic algorithm;path decomposition;quality of service;service-oriented architecture;user requirement;Conferences;case-based reasoning;genetic algorithm;path decomposition;service composition}, 
doi={10.1109/APSCC.2012.26},}

@INPROCEEDINGS{p010, 
author={Hai Liu and Weimin Zhang and Kaijun Ren and Zhuxi Zhang}, 
booktitle={Grid and Cooperative Computing (GCC), 2010 9th International Conference on}, 
title={A Novel Selection Approach for Transactional Web Services Composition}, 
year={2010}, 
month={Nov}, 
pages={450-456}, 
keywords={Web services;directed graphs;quality of service;QoS-aware services selection;Web service composition;abstract composition Web services;business transactional requirements;directed graph model;polynomial time;quality of service;transactional Web services;Graph model;QoS selection;Transaction;web service composition}, 
doi={10.1109/GCC.2010.93},}

@INPROCEEDINGS{p011, 
author={Zhu Yong and Li Wei and Luo Junzhou and Zheng Xiao}, 
booktitle={Service-Oriented Computing and Applications (SOCA), 2012 5th IEEE International Conference on}, 
title={A novel two-phase approach for QoS-aware service composition based on history records}, 
year={2012}, 
month={Dec}, 
pages={1-8}, 
keywords={Web services;filtering theory;integer programming;pattern clustering;probability;quality of service;K-means clustering;MIP based service selection;MIP model;QoS degradation;QoS fluctuation;QoS record;QoS-aware service composition;TPASC;composite service;dynamic environment;end-to-end QoS constraint;heuristic QoS decomposition algorithm;history record;local constraint;mixed integer programming;preliminary filtering;probability;quality of service;service performance;service ranking;two-phase approach for service composition;Clustering algorithms;Filtering;Heuristic algorithms;History;Quality of service;Silicon;Time factors;Mixed Integer Programming;QoS aware;QoS decomposition;service composition;service selection}, 
doi={10.1109/SOCA.2012.6449451},}

@INPROCEEDINGS{p012, 
author={Wang Denghui and Huang Hao and Xie Changsheng}, 
booktitle={Networking, Architecture and Storage (NAS), 2013 IEEE Eighth International Conference on}, 
title={A Novel Web Service Composition Recommendation Approach Based on Reliable QoS}, 
year={2013}, 
month={July}, 
pages={321-325}, 
keywords={Web services;quality of service;recommender systems;QoS credibility;QoS information;Web service composition recommendation approach;Web service recommendation system;quality of service;reliable QoS;service recommendation precision;Computational modeling;Conferences;Data mining;Quality of service;Reliability;Security;Web services;credible QoS;web service recommendation}, 
doi={10.1109/NAS.2013.52},}

@INPROCEEDINGS{p013, 
author={Liping Chen and Guojun Zhang}, 
booktitle={Computational Intelligence and Security (CIS), 2013 9th International Conference on}, 
title={A Petri Net Approach to Reliable Execution for Web Service Composition}, 
year={2013}, 
month={Dec}, 
pages={105-109}, 
keywords={Petri nets;Web services;quality of service;service-oriented architecture;CPN;Petri net approach;QoS;SOA;TCWS;business environment;colored Petri net model;component Web services;nonfunctional quality of service properties;reliable Web service composition execution;transactional composition Web service;user requirements;Color;Computational modeling;Engines;Message systems;Quality of service;Reliability;Web services;Petri Net;SOA;Web service;reliable}, 
doi={10.1109/CIS.2013.29},}

@INPROCEEDINGS{p014, 
author={Garg, Sandeep Kumar and Mishra, R.B.}, 
booktitle={Information Technology, 2008. ITSim 2008. International Symposium on}, 
title={A QoS aware, multi-agent based approach to semantic web service composition}, 
year={2008}, 
month={Aug}, 
volume={2}, 
pages={1-6}, 
keywords={Intelligent agent;Mathematical model;Multiagent systems;Ontologies;Quality of service;Semantic Web;Software agents;Software performance;Software reusability;Wrapping}, 
doi={10.1109/ITSIM.2008.4631745},}

@INPROCEEDINGS{p015, 
author={Yixin Yan and Bin Xu and Zhifeng Gu and Sen Luo}, 
booktitle={Commerce and Enterprise Computing, 2009. CEC '09. IEEE Conference on}, 
title={A QoS-Driven Approach for Semantic Service Composition}, 
year={2009}, 
month={July}, 
pages={523-526}, 
keywords={Web services;performance evaluation;quality of service;semantic Web;QoS-driven approach;Web services;World Wide Web;performance evaluation;semantic information;semantic service composition;Business;Computer science;Delay;Information retrieval;Interconnected systems;OWL;Quality of service;Semantic Web;Web services;XML;QoS;semantic information integration;service composition}, 
doi={10.1109/CEC.2009.44},}

@INPROCEEDINGS{p016, 
author={Paganelli, F. and Ambra, T. and Parlanti, D. and Giuli, D.}, 
booktitle={FITCE Congress (FITCE), 2011 50th}, 
title={A semantic-driven integer programming approach for QoS-aware dynamic service composition}, 
year={2011}, 
month={Aug}, 
pages={1-6}, 
keywords={integer programming;quality of service;service-oriented architecture;QoS-aware dynamic service composition;ontology-based service profile model;proof-of-concept implementation;run-time service brokering;run-time service discovery;semantic-driven integer linear programming approach;service description structural property;Atomic measurements;Availability;Erbium;Fires;Telecommunications;Quality of Service;Service-oriented architecture;dynamic service composition}, 
doi={10.1109/FITCE.2011.6133434},}

@INPROCEEDINGS{p017, 
author={Wiesemann, W. and Hochreiter, R. and Kuhn, D.}, 
booktitle={Cluster Computing and the Grid, 2008. CCGRID '08. 8th IEEE International Symposium on}, 
title={A Stochastic Programming Approach for QoS-Aware Service Composition}, 
year={2008}, 
month={May}, 
pages={226-233}, 
keywords={Web services;decision theory;quality of service;stochastic programming;QoS-aware service composition;average value-at-risk;decision theory;decision-dependent random variable;multiobjective stochastic program;nominal problem formulation;Availability;Costs;Decision theory;Delay;Grid computing;Portfolios;Quality of service;Stochastic processes;Stochastic systems;Uncertainty;Average Value-at-Risk;Quality of Service;Stochastic Programming;Web Service Composition}, 
doi={10.1109/CCGRID.2008.40},}

@INPROCEEDINGS{p018, 
author={Yukyong Kim and Kyung-Goo Doh}, 
booktitle={Convergence Information Technology, 2007. International Conference on}, 
title={A Trust Type Based Model for Managing QoS in Web Services Composition}, 
year={2007}, 
month={Nov}, 
pages={438-443}, 
keywords={Web services;quality of service;QoS;Web services;quality of services;Aggregates;Availability;Conference management;Costs;Information technology;Quality of service;Service oriented architecture;Simple object access protocol;Technology management;Web services}, 
doi={10.1109/ICCIT.2007.290},}

@INPROCEEDINGS{p019, 
author={Iordache, R. and Moldoveanu, F.}, 
booktitle={Service-Oriented Computing and Applications (SOCA), 2013 IEEE 6th International Conference on}, 
title={A Web Service Composition Approach Based on QoS Preferences (Short Paper)}, 
year={2013}, 
month={Dec}, 
pages={220-224}, 
keywords={Web services;cloud computing;quality of service;BaaS approach;QoS constraint;QoS preference;abstract composition model;binding-as-a-service;component services;dynamic Web service composition;service level agreement;Computational modeling;Concrete;Logic gates;Quality of service;Reliability;Vectors;Web services;multidimensional QoS preferences;service binding;service composition}, 
doi={10.1109/SOCA.2013.20},}

@INPROCEEDINGS{p020, 
author={Yoo, J.J.-W. and Kumara, S. and Lee, D. and Seog-Chan Oh}, 
booktitle={E-Commerce Technology and the Fifth IEEE Conference on Enterprise Computing, E-Commerce and E-Services, 2008 10th IEEE Conference on}, 
title={A Web Service Composition Framework Using Integer Programming with Non-functional Objectives and Constraints}, 
year={2008}, 
month={July}, 
pages={347-350}, 
keywords={Web services;integer programming;linear programming;Web service composition framework;Web service features;composition software agent;constraint satisfaction;integer linear programming;nonfunctional attributes;nonfunctional objectives;parameter matching;planning-graph;propositional satisfiability technique;syntactic matching;Availability;Blood;Commercialization;Costs;Hospitals;Integer linear programming;Linear programming;Research and development;Software agents;Web services;Integer Programming;K best solutions;Web service composition}, 
doi={10.1109/CECandEEE.2008.144},}

@INPROCEEDINGS{p021, 
author={Torres, R. and Bencomo, N. and Astudillo, H.}, 
booktitle={Realizing Artificial Intelligence Synergies in Software Engineering (RAISE), 2013 2nd International Workshop on}, 
title={Addressing the QoS drift in specification models of self-adaptive service-based systems}, 
year={2013}, 
month={May}, 
pages={28-34}, 
keywords={computational linguistics;formal specification;quality of service;software quality;CWW;NFCs;NFPs;QoS drift;computing with words;linguistic values;nonfunctional constraints;nonfunctional properties;nonfunctional requirements;nonstationary environments;run-time requirements compliance;self-adaptive service-based systems;service market;software systems;specification models;Adaptation models;Analytical models;Computational modeling;Fuzzy sets;Pragmatics;Quality of service;Runtime;computing with words;concept drift;fuzzy logic;require-ments@run.time;specification models}, 
doi={10.1109/RAISE.2013.6615201},}

@inproceedings{p022,
 author = {Baligand, Fabien and Monfort, Val{\'e}rie},
 title = {A Concrete Solution for Web Services Adaptability Using Policies and Aspects},
 booktitle = {Proceedings of the 2Nd International Conference on Service Oriented Computing},
 series = {ICSOC '04},
 year = {2004},
 isbn = {1-58113-871-7},
 location = {New York, NY, USA},
 pages = {134--142},
 numpages = {9},
 url = {http://doi.acm.org/10.1145/1035167.1035187},
 doi = {10.1145/1035167.1035187},
 acmid = {1035187},
 publisher = {ACM},
 address = {New York, NY, USA},
 keywords = {adaptability, aspect oriented programming, reusability, service, service oriented architecture, web service},
}

@INPROCEEDINGS{p023, 
author={Sen Luo and Bin Xu and Yixin Yan}, 
booktitle={Service-Oriented Computing and Applications (SOCA), 2010 IEEE International Conference on}, 
title={An accumulated-QoS-first search approach for semantic web service composition}, 
year={2010}, 
month={Dec}, 
pages={1-4}, 
keywords={Web services;quality of service;semantic Web;Web applications;accumulated-QoS-first search approach;semantic Web service composition;semantic data-link;semantic information;Algorithm design and analysis;Ontologies;Quality of service;Semantics;Throughput;Time factors;Web services}, 
doi={10.1109/SOCA.2010.5707191},}

@INPROCEEDINGS{p024, 
author={Fraga, J. and Siqueira, F. and Favarim, F.}, 
booktitle={Object-Oriented Real-Time Dependable Systems, 2003. WORDS 2003 Fall. Proceedings. Ninth IEEE International Workshop on}, 
title={An adaptive fault-tolerant component model}, 
year={2003}, 
month={Oct}, 
pages={179-186}, 
keywords={configuration management;distributed object management;quality of service;software fault tolerance;AFT-CCM model;QoS requirement;adaptive fault-tolerance;component model;distributed applications;replicated services;Application software;Automation;Fault tolerance;Fault tolerant systems;Java;Middleware;Object oriented modeling;Programming;Proposals;Quality of service}, 
doi={10.1109/WORDS.2003.1267506},}

@INPROCEEDINGS{p025, 
author={Jing Li and Yongwang Zhao and Min Liu and Hailong Sun and Dianfu Ma}, 
booktitle={Computers and Communications (ISCC), 2010 IEEE Symposium on}, 
title={An adaptive heuristic approach for distributed QoS-based service composition}, 
year={2010}, 
month={June}, 
pages={687-694}, 
keywords={Complexity theory;Distributed databases;Optimized production technology;Quality of service;Silicon;Web services;QoS;Web Services;service composition;service selection}, 
doi={10.1109/ISCC.2010.5546721}, 
ISSN={1530-1346},}

@article{p026,
 author = {Comuzzi, Marco and Pernici, Barbara},
 title = {A Framework for QoS-based Web Service Contracting},
 journal = {ACM Trans. Web},
 issue_date = {June 2009},
 volume = {3},
 number = {3},
 month = jul,
 year = {2009},
 issn = {1559-1131},
 pages = {10:1--10:52},
 articleno = {10},
 numpages = {52},
 url = {http://doi.acm.org/10.1145/1541822.1541825},
 doi = {10.1145/1541822.1541825},
 acmid = {1541825},
 publisher = {ACM},
 address = {New York, NY, USA},
 keywords = {QoS, SLA, Web service, matchmaking, negotiation, service selection},
} 

@article{p027,
 author = {Alrifai, Mohammad and Risse, Thomas and Nejdl, Wolfgang},
 title = {A Hybrid Approach for Efficient Web Service Composition with End-to-end QoS Constraints},
 journal = {ACM Trans. Web},
 issue_date = {May 2012},
 volume = {6},
 number = {2},
 month = jun,
 year = {2012},
 issn = {1559-1131},
 pages = {7:1--7:31},
 articleno = {7},
 numpages = {31},
 url = {http://doi.acm.org/10.1145/2180861.2180864},
 doi = {10.1145/2180861.2180864},
 acmid = {2180864},
 publisher = {ACM},
 address = {New York, NY, USA},
 keywords = {QoS, Web services, optimization, service composition},
} 

@INPROCEEDINGS{p028, 
author={Thirumaran, M. and Dhavachelvan, P. and Aishwarya, D.}, 
booktitle={Recent Trends in Information Technology (ICRTIT), 2013 International Conference on}, 
title={An approach for evaluating the functional and non-functional change factors of web service using Finite State Machine}, 
year={2013}, 
month={July}, 
pages={674-679}, 
keywords={Web services;business data processing;finite state machines;management of change;organisational aspects;quality of service;IT;IT staff;QoS measures;Web service;business analyst;business constraint;business objectives;change management approaches;financial services;finite state machine based evaluation methodology;functional change factors;highly available network;market demand;nonfunctional change factors;organizations;service business logic;service quality parameters;Automata;Availability;Business;Interrupters;TV;Web services;Change Management;Finite Automaton;Functional Factors;Non-Functional Factors;Web Services}, 
doi={10.1109/ICRTIT.2013.6844281},}

@inproceedings{p029,
 author = {Karim, Fariaz},
 title = {A Peer-to-peer Approach to Providing QoS Monitoring for Web Service Activities},
 booktitle = {Proceedings of the ACM/IFIP/USENIX Middleware '08 Conference Companion},
 series = {Companion '08},
 year = {2008},
 isbn = {978-1-60558-369-3},
 location = {Leuven, Belgium},
 pages = {7--11},
 numpages = {5},
 url = {http://doi.acm.org/10.1145/1462735.1462738},
 doi = {10.1145/1462735.1462738},
 acmid = {1462738},
 publisher = {ACM},
 address = {New York, NY, USA},
 keywords = {P2P, QoS, middleware, web service},
} 

@inproceedings{p030,
 author = {Canfora, Gerardo and Di Penta, Massimiliano and Esposito, Raffaele and Villani, Maria Luisa},
 title = {An Approach for QoS-aware Service Composition Based on Genetic Algorithms},
 booktitle = {Proceedings of the 7th Annual Conference on Genetic and Evolutionary Computation},
 series = {GECCO '05},
 year = {2005},
 isbn = {1-59593-010-8},
 location = {Washington DC, USA},
 pages = {1069--1075},
 numpages = {7},
 url = {http://doi.acm.org/10.1145/1068009.1068189},
 doi = {10.1145/1068009.1068189},
 acmid = {1068189},
 publisher = {ACM},
 address = {New York, NY, USA},
 keywords = {QoS--aware composition, service--oriented software engineering},
} 

@INPROCEEDINGS{p031, 
author={Ying-Qiu Li and Tao Wen}, 
booktitle={Web Services (ICWS), 2012 IEEE 19th International Conference on}, 
title={An Approach of QoS-Guaranteed Web Service Composition Based on a Win-Win Strategy}, 
year={2012}, 
month={June}, 
pages={628-630}, 
keywords={Pareto optimisation;Web services;game theory;genetic algorithms;probability;quality of service;search problems;Internet;Nash equilibrium;Pareto optimisation;QoS model;QoS-guaranteed Web service composition approach;composite service search;game theory;genetic algorithm;mathematical model;probability interval;service provider;service provider utility;user satisfaction evaluation method;user utility;win-win strategy;Abstracts;Availability;Mathematical model;Quality of service;Time factors;Web services;QoS;game theory;service composition;win-win strategy}, 
doi={10.1109/ICWS.2012.28},}

@INPROCEEDINGS{p032, 
author={ZhiYong Chen and Haiyang Wang and Peng Pan}, 
booktitle={Artificial Intelligence, 2009. JCAI '09. International Joint Conference on}, 
title={An Approach to Optimal Web Service Composition Based on QoS and User Preferences}, 
year={2009}, 
month={April}, 
pages={96-101}, 
keywords={Pareto optimisation;Web services;genetic algorithms;quality of service;software architecture;Pareto optimal solution;dynamic service composition;multi-choice multi-dimension genetic algorithm;optimal Web service composition;quality of service;service oriented architectures;user preferences;Aggregates;Algorithm design and analysis;Computer architecture;Computer science;Delay;Distributed computing;Genetic algorithms;Quality of service;Service oriented architecture;Web services;Multi-Constraints;QoS-Aware;Service selection;Travel Process;Web Service Composition}, 
doi={10.1109/JCAI.2009.206},}

@INPROCEEDINGS{p033, 
author={Rosenberg, F. and Celikovic, P. and Michlmayr, A. and Leitner, P. and Dustdar, S.}, 
booktitle={Enterprise Distributed Object Computing Conference, 2009. EDOC '09. IEEE International}, 
title={An End-to-End Approach for QoS-Aware Service Composition}, 
year={2009}, 
month={Sept}, 
pages={151-160}, 
keywords={Web services;constraint handling;data flow analysis;integer programming;quality of service;software architecture;specification languages;DSL;QoS-aware service composition;SOA;constraint programming;data flow analysis;domain-specific language;end-to-end approach;enterprise environment;functional requirement;hard constraint;integer programming approach;optimization;quality-of-service;service-oriented architecture;soft constraint;software service;structured composition model;user constraint;Buildings;Constraint optimization;Costs;Data analysis;Distributed computing;Linear programming;Quality of service;Runtime;Service oriented architecture;Software systems;Quality of Service;Service Composition;Web Services}, 
doi={10.1109/EDOC.2009.14}, 
ISSN={1541-7719},}

@INPROCEEDINGS{p034, 
author={Jun Jin and Zhang, Vu and Yuanda Cao and Ruitao Zhou}, 
booktitle={Computer Science and Education (ICCSE), 2010 5th International Conference on}, 
title={An enhanced QoS decomposition approach for efficient service composition}, 
year={2010}, 
month={Aug}, 
pages={1680-1684}, 
keywords={Web services;optimisation;quality of service;QoS decomposition approach;decentralized environment;efficient service composition;optimal composition;quality parameters;Availability;Concrete;Indexing;Linear programming;Quality of service;Silicon;Web services;QoS decomposition;mixed integer programming;parallel;service composition}, 
doi={10.1109/ICCSE.2010.5593626},}

@inproceedings{p035,
 author = {Blanco, Eduardo and Cardinale, Yudith and Vidal, Mar\'{\i}a-Esther},
 title = {A Sampling-based Approach to Identify QoS for Web Service Orchestrations},
 booktitle = {Proceedings of the 12th International Conference on Information Integration and Web-based Applications \&\#38; Services},
 series = {iiWAS '10},
 year = {2010},
 isbn = {978-1-4503-0421-4},
 location = {Paris, France},
 pages = {25--32},
 numpages = {8},
 url = {http://doi.acm.org/10.1145/1967486.1967495},
 doi = {10.1145/1967486.1967495},
 acmid = {1967495},
 publisher = {ACM},
 address = {New York, NY, USA},
 keywords = {QoS estimation, estimation techniques, query optimization, semantic matching, web service composition},
} 

@inproceedings{p036,
 author = {Esfahani, Pegah Majlesi and Habibi, Jafar and Varaee, Touraj},
 title = {Application of Social Harmony Search Algorithm on Composite Web Service Selection Based on Quality Attributes},
 booktitle = {Proceedings of the 2012 Sixth International Conference on Genetic and Evolutionary Computing},
 series = {ICGEC '12},
 year = {2012},
 isbn = {978-0-7695-4763-3},
 pages = {526--529},
 numpages = {4},
 url = {http://dx.doi.org/10.1109/ICGEC.2012.65},
 doi = {10.1109/ICGEC.2012.65},
 acmid = {2472792},
 publisher = {IEEE Computer Society},
 address = {Washington, DC, USA},
 keywords = {social harmony search, global optimization, web service composition, quality attributes},
} 

@INPROCEEDINGS{p037, 
author={Ludwig, S.A.}, 
booktitle={Advanced Information Networking and Applications (AINA), 2012 IEEE 26th International Conference on}, 
title={Applying Particle Swarm Optimization to Quality-of-Service-Driven Web Service Composition}, 
year={2012}, 
month={March}, 
pages={613-620}, 
keywords={Web services;linear programming;particle swarm optimisation;quality of service;Web service composition;linear programming method;meta-heuristic method;nonfunctional property;optimization technique;particle swarm optimization;quality of service;service composition problem;service-oriented environment;Business;Optimization;Particle swarm optimization;Planning;Quality of service;Runtime;Web services;particle swarm optimization;quality of service;workflow composition}, 
doi={10.1109/AINA.2012.46}, 
ISSN={1550-445X},}

@INPROCEEDINGS{p038, 
author={Ponnalagu, K. and Narendra, N.C. and Krishnamurthy, J. and Ramkumar, R.}, 
booktitle={Services, 2007 IEEE Congress on}, 
title={Aspect-oriented Approach for Non-functional Adaptation of Composite Web Services}, 
year={2007}, 
month={July}, 
pages={284-291}, 
keywords={Web services;object-oriented programming;software architecture;Web service adaptation mechanisms;Web service choreography;adaptive architecture;aspect-oriented approach;aspect-oriented modeling;composite Web services;distributed aspect-oriented programming technology;distributed component Web services;nonfunctional adaptation;nonfunctional property;nonfunctional requirements;quality of service;service level agreement;Programming;Quality of service;Scalability;Security;Service oriented architecture;Software systems;Weaving;Web services;Web services;adaptation;aspect-oriented programming;non-functional;properties}, 
doi={10.1109/SERVICES.2007.18},}

@INPROCEEDINGS{p039, 
author={Ortiz, G. and Bordbar, B.}, 
booktitle={Web Services, 2009. ICWS 2009. IEEE International Conference on}, 
title={Aspect-Oriented Quality of Service for Web Services: A Model-Driven Approach}, 
year={2009}, 
month={July}, 
pages={559-566}, 
keywords={Web services;object-oriented programming;quality of service;software maintenance;system monitoring;Web service;aspect-oriented programming;model-driven approach;model-driven development;nonfunctional property maintenance;quality-of-service monitoring;Character generation;Delay;Monitoring;Packaging;Quality of service;Unified modeling language;Weaving;Web services;Aspect-Oriented Programming;Model-Driven Development;Quality of Service;Web Services}, 
doi={10.1109/ICWS.2009.20},}

@inproceedings{p040,
 author = {Chen, Shudong and Lukkien, Johan},
 title = {A Service-oriented Virtual Community Overlay Network for Secure External Service Orchestration},
 booktitle = {Proceedings of the 5th International Workshop on Middleware for Pervasive and Ad-hoc Computing: Held at the ACM/IFIP/USENIX 8th International Middleware Conference},
 series = {MPAC '07},
 year = {2007},
 isbn = {978-1-59593-930-2},
 location = {Newport Beach, California},
 pages = {13--18},
 numpages = {6},
 url = {http://doi.acm.org/10.1145/1376866.1376869},
 doi = {10.1145/1376866.1376869},
 acmid = {1376869},
 publisher = {ACM},
 address = {New York, NY, USA},
 keywords = {security, service orchestration, service-oriented virtual community},
} 

@INPROCEEDINGS{p041, 
author={Ruiz, A. and Corchuelo, R. and Duran, A. and Toro, M.}, 
booktitle={Distributed Computing Systems, 2001. FTDCS 2001. Proceedings. The Eighth IEEE Workshop on Future Trends of}, 
title={Automated support for quality requirements in Web-service-based systems}, 
year={2001}, 
month={}, 
pages={48-54}, 
keywords={Internet;formal specification;information resources;object-oriented programming;software quality;software tools;system documentation;COM+;CORBA;Mows;Multi-Organisational Web-based Systems;Web services;Web-oriented programming;Wop;authentication mechanisms;automatic quality requirements checking;formal methods;formal specification;natural language;quality attribute constraint;quality documents;quality level;quality monitoring;Banking;Costs;Demand forecasting;Economic forecasting;Information retrieval;Natural languages;Open systems;Proposals;Software quality;Web services}, 
doi={10.1109/FTDCS.2001.969621},}

@INPROCEEDINGS{p042, 
author={Sodhi, B. and Prabhakar, T.V.}, 
booktitle={Services (SERVICES), 2012 IEEE Eighth World Congress on}, 
title={Cloud-Oriented Platforms: Bearing on Application Architecture and Design Patterns}, 
year={2012}, 
month={June}, 
pages={278-284}, 
keywords={cloud computing;object-oriented methods;software architecture;application architecture;business problems;cloud-oriented platforms;computing platforms ecosystem;data volumes;novel architectural design pattern;platform level aspect-orientation;software architecture;software design;virtualization based platform;Business;Cloud computing;Computer architecture;Hardware;Monitoring;Virtual machine monitors;Cloud Computing;Design Patterns;Non-functional Requirements;Quality Attributes;Software Architecture Design;Virtualization}, 
doi={10.1109/SERVICES.2012.49},}

@INPROCEEDINGS{p043, 
author={Chen Wu and Chang, E.}, 
booktitle={Industrial Informatics, 2005. INDIN '05. 2005 3rd IEEE International Conference on}, 
title={Comparison of Web service architectures based on architecture quality properties}, 
year={2005}, 
month={Aug}, 
pages={746-755}, 
keywords={Internet;peer-to-peer computing;software architecture;software quality;Web service architectures;Web services development;architecture quality property;distributed Internet environment;Australia;Computer architecture;Contracts;Current measurement;Scalability;Security;Service oriented architecture;Software architecture;Web and internet services;Web services}, 
doi={10.1109/INDIN.2005.1560467},}

@INPROCEEDINGS{p044, 
author={Thissen, Dirk and Wesnarat, P.}, 
booktitle={Computers and Communications, 2006. ISCC '06. Proceedings. 11th IEEE Symposium on}, 
title={Considering QoS Aspects in Web Service Composition}, 
year={2006}, 
month={June}, 
pages={371-377}, 
keywords={Application software;Computer languages;Computer science;Cost function;Electronic mail;Middleware;Prototypes;Quality of service;Software systems;Web services}, 
doi={10.1109/ISCC.2006.53}, 
ISSN={1530-1346},}

@INPROCEEDINGS{p045, 
author={Jarir, Z. and Boumhamdi, K. and Quafafou, M.}, 
booktitle={Signal-Image Technology Internet-Based Systems (SITIS), 2009 Fifth International Conference on}, 
title={Context- and QoS Aware Personalization for Web Services: Web Information Extraction Case Study}, 
year={2009}, 
month={Nov}, 
pages={401-406}, 
keywords={Web services;quality of service;software architecture;ubiquitous computing;QoS aware personalization;Web services;context-aware;quality of service;service execution;Computer architecture;Context;Data mining;Quality of service;Service oriented architecture;YouTube;QoS;context aware;personalization;web services}, 
doi={10.1109/SITIS.2009.69},}

@INPROCEEDINGS{p046, 
author={Tambe, S. and Dabholkar, A. and Gokhale, A.}, 
booktitle={Engineering of Computer Based Systems, 2009. ECBS 2009. 16th Annual IEEE International Conference and Workshop on the}, 
title={CQML: Aspect-Oriented Modeling for Modularizing and Weaving QoS Concerns in Component-Based Systems}, 
year={2009}, 
month={April}, 
pages={11-20}, 
keywords={object-oriented programming;quality of service;software reusability;QoS;aspect-oriented modeling;component QoS modeling language;component-based systems;domain-specific modeling frameworks;quality of service;Conferences;Design engineering;Embedded system;Fault tolerance;Fault tolerant systems;Predictive models;Quality of service;Scattering;USA Councils;Weaving;aspect-oriented modeling;componet-based systems;domain-specfic modeling;quality of service}, 
doi={10.1109/ECBS.2009.24},}

@INPROCEEDINGS{p047, 
author={Xiaoqing Liu and Lianzhang Zhu}, 
booktitle={Web Services, 2009. ICWS 2009. IEEE International Conference on}, 
title={Design of SOA Based Web Service Systems Using QFD for Satisfaction of Quality of Service Requirements}, 
year={2009}, 
month={July}, 
pages={567-574}, 
keywords={Web services;quality of service;QFD;SOA;Web service systems;quality function deployment;quality management system;quality of service;service-oriented architecture;Aerospace electronics;Aircraft;Automobiles;Consumer electronics;Product development;Quality function deployment;Quality management;Quality of service;Service oriented architecture;Web services;Impact Analysis;Linear Regression;Quality Function Deployment (QFD);Quality of Service Requirement;Service-Oriented Architecture (SOA);Technical Target;Web Service}, 
doi={10.1109/ICWS.2009.25},}

@INPROCEEDINGS{p048, 
author={Yuzhang Feng and Le Duy Ngan and Kanagasabai, R.}, 
booktitle={Web Services (ICWS), 2013 IEEE 20th International Conference on}, 
title={Dynamic Service Composition with Service-Dependent QoS Attributes}, 
year={2013}, 
month={June}, 
pages={10-17}, 
keywords={Web services;service-oriented architecture;QoS constraint;QoS-aware service composition;classical MMMKP optmization problem;dynamic service composition;service-dependent QoS attribute;user-provided topological constraint;Availability;Cities and towns;Ontologies;Quality of service;Time factors;Web services}, 
doi={10.1109/ICWS.2013.12},}

@article{p049,
 author = {He, Jing and Zhang, Yanchun and Huang, Guangyan and Cao, Jinli},
 title = {A Smart Web Service Based on the Context of Things},
 journal = {ACM Trans. Internet Technol.},
 issue_date = {January 2012},
 volume = {11},
 number = {3},
 month = feb,
 year = {2012},
 issn = {1533-5399},
 pages = {13:1--13:23},
 articleno = {13},
 numpages = {23},
 url = {http://doi.acm.org/10.1145/2078316.2078321},
 doi = {10.1145/2078316.2078321},
 acmid = {2078321},
 publisher = {ACM},
 address = {New York, NY, USA},
 keywords = {Context-awareness, REpresentational State Transfer (REST), context of things, smart Web services},
} 

@inproceedings{p050,
 author = {Sirer, Emin G\"{u}n and Wang, Ke},
 title = {An Access Control Language for Web Services},
 booktitle = {Proceedings of the Seventh ACM Symposium on Access Control Models and Technologies},
 series = {SACMAT '02},
 year = {2002},
 isbn = {1-58113-496-7},
 location = {Monterey, California, USA},
 pages = {23--30},
 numpages = {8},
 url = {http://doi.acm.org/10.1145/507711.507715},
 doi = {10.1145/507711.507715},
 acmid = {507715},
 publisher = {ACM},
 address = {New York, NY, USA},
 keywords = {access control, web services},
} 

@inproceedings{p051,
 author = {Canfora, Gerardo and Di Penta, Massimiliano and Esposito, Raffaele and Villani, Maria Luisa},
 title = {An Approach for QoS-aware Service Composition Based on Genetic Algorithms},
 booktitle = {Proceedings of the 7th Annual Conference on Genetic and Evolutionary Computation},
 series = {GECCO '05},
 year = {2005},
 isbn = {1-59593-010-8},
 location = {Washington DC, USA},
 pages = {1069--1075},
 numpages = {7},
 url = {http://doi.acm.org/10.1145/1068009.1068189},
 doi = {10.1145/1068009.1068189},
 acmid = {1068189},
 publisher = {ACM},
 address = {New York, NY, USA},
 keywords = {QoS--aware composition, service--oriented software engineering},
} 

@inproceedings{p052,
 author = {Petrova-Antonova, Dessislava and Ilieva, Sylvia},
 title = {An Architectural Approach for Dynamic Web Service Composition},
 booktitle = {Proceedings of the 13th International Conference on Computer Systems and Technologies},
 series = {CompSysTech '12},
 year = {2012},
 isbn = {978-1-4503-1193-9},
 location = {Ruse, Bulgaria},
 pages = {171--178},
 numpages = {8},
 url = {http://doi.acm.org/10.1145/2383276.2383303},
 doi = {10.1145/2383276.2383303},
 acmid = {2383303},
 publisher = {ACM},
 address = {New York, NY, USA},
 keywords = {dynamic composition, quality of service, service level agreement, web service},
} 

@inproceedings{p053,
 author = {Simoni, No\"{e}mie and Yin, Chunyang and Berberi, Rh{\'e}a and Du Chene, Ghislain},
 title = {An NGN Middleware Based on an Enhanced IMS},
 booktitle = {Proceedings of the 2007 Workshop on Middleware for Next-generation Converged Networks and Applications},
 series = {MNCNA '07},
 year = {2007},
 isbn = {978-1-59593-932-6},
 location = {Port Beach, California},
 pages = {2:1--2:6},
 articleno = {2},
 numpages = {6},
 url = {http://doi.acm.org/10.1145/1376878.1376880},
 doi = {10.1145/1376878.1376880},
 acmid = {1376880},
 publisher = {ACM},
 address = {New York, NY, USA},
 keywords = {IMS, NGN, NGN middleware, QoS routing table, SIP+ message, community management, service session mobility},
} 

@inproceedings{p054,
 author = {Vesyropoulos, Nikos and Georgiadis, Christos K. and Ilioudis, Christos},
 title = {Analyzing the Selection and Dynamic Composition of Web Services in e-Commerce Transactions},
 booktitle = {Proceedings of the Fifth Balkan Conference in Informatics},
 series = {BCI '12},
 year = {2012},
 isbn = {978-1-4503-1240-0},
 location = {Novi Sad, Serbia},
 pages = {130--135},
 numpages = {6},
 url = {http://doi.acm.org/10.1145/2371316.2371341},
 doi = {10.1145/2371316.2371341},
 acmid = {2371341},
 publisher = {ACM},
 address = {New York, NY, USA},
 keywords = {BPEL, OWL-S, QoS, e-commerce, service composition, web services},
} 

@inproceedings{p055,
 author = {Solomon, Bogdan and Ionescu, Dan and Litoiu, Marin and Iszlai, Gabriel},
 title = {Autonomic Computing Control of Composed Web Services},
 booktitle = {Proceedings of the 2010 ICSE Workshop on Software Engineering for Adaptive and Self-Managing Systems},
 series = {SEAMS '10},
 year = {2010},
 isbn = {978-1-60558-971-8},
 location = {Cape Town, South Africa},
 pages = {94--103},
 numpages = {10},
 url = {http://doi.acm.org/10.1145/1808984.1808995},
 doi = {10.1145/1808984.1808995},
 acmid = {1808995},
 publisher = {ACM},
 address = {New York, NY, USA},
 keywords = {autonomic systems, service oriented architecture},
} 

@inproceedings{p056,
 author = {Alrifai, Mohammad and Risse, Thomas},
 title = {Combining Global Optimization with Local Selection for Efficient QoS-aware Service Composition},
 booktitle = {Proceedings of the 18th International Conference on World Wide Web},
 series = {WWW '09},
 year = {2009},
 isbn = {978-1-60558-487-4},
 location = {Madrid, Spain},
 pages = {881--890},
 numpages = {10},
 url = {http://doi.acm.org/10.1145/1526709.1526828},
 doi = {10.1145/1526709.1526828},
 acmid = {1526828},
 publisher = {ACM},
 address = {New York, NY, USA},
 keywords = {QoS, optimization, service composition, web services},
} 

@inproceedings{p057,
 author = {Longo, Antonella and Bochicchio, Mario A. and Livieri, Barbara},
 title = {Does Service Composition Suffice to Define Business Contracts for IT Services in Networked Organizations},
 booktitle = {Proceedings of the Fifth International Conference on Management of Emergent Digital EcoSystems},
 series = {MEDES '13},
 year = {2013},
 isbn = {978-1-4503-2004-7},
 location = {Luxembourg, Luxembourg},
 pages = {195--202},
 numpages = {8},
 url = {http://doi.acm.org/10.1145/2536146.2536153},
 doi = {10.1145/2536146.2536153},
 acmid = {2536153},
 publisher = {ACM},
 address = {New York, NY, USA},
 keywords = {SLA management, business process outsourcing, cloud computing, contract management},
} 

@inproceedings{p058,
 author = {Heinzl, Steffen and Seiler, Dominik and Juhnke, Ernst and Freisleben, Bernd},
 title = {Exposing Validity Periods of Prices for Resource Consumption to Web Service Users via Temporal Policies},
 booktitle = {Proceedings of the 11th International Conference on Information Integration and Web-based Applications \&Amp; Services},
 series = {iiWAS '09},
 year = {2009},
 isbn = {978-1-60558-660-1},
 location = {Kuala Lumpur, Malaysia},
 pages = {235--242},
 numpages = {8},
 url = {http://doi.acm.org/10.1145/1806338.1806384},
 doi = {10.1145/1806338.1806384},
 acmid = {1806384},
 publisher = {ACM},
 address = {New York, NY, USA},
 keywords = {WS-Policies, mashup, pricing, temporal policies, web services},
} 

@inproceedings{p059,
 author = {Singhera, Zafar U. and Shah, Abad Ali},
 title = {Extended Web Services Framework to Meet Non-functional Requirements},
 booktitle = {Workshop Proceedings of the Sixth International Conference on Web Engineering},
 series = {ICWE '06},
 year = {2006},
 isbn = {1-59593-435-9},
 location = {Palo Alto, California},
 articleno = {21},
 url = {http://doi.acm.org/10.1145/1149993.1150017},
 doi = {10.1145/1149993.1150017},
 acmid = {1150017},
 publisher = {ACM},
 address = {New York, NY, USA},
 keywords = {Web services, framework, non-functional requirements},
} 

@inproceedings{p060,
 author = {Phan, Thomas and Li, Wen-Syan},
 title = {Heuristics-based Scheduling of Composite Web Service Workloads},
 booktitle = {Proceedings of the 1st Workshop on Middleware for Service Oriented Computing (MW4SOC 2006)},
 series = {MW4SOC '06},
 year = {2006},
 isbn = {1-59593-425-1},
 location = {Melbourne, Australia},
 pages = {30--35},
 numpages = {6},
 url = {http://doi.acm.org/10.1145/1169091.1169096},
 doi = {10.1145/1169091.1169096},
 acmid = {1169096},
 publisher = {ACM},
 address = {New York, NY, USA},
 keywords = {QoS, heuristics, scheduling, web services, workflows},
} 

@article{p061,
 author = {Conti, Marco and Gregori, Enrico and Panzieri, Fabio},
 title = {Load Distribution Among Replicated Web Servers: A QoS-based Approach},
 journal = {SIGMETRICS Perform. Eval. Rev.},
 issue_date = {March 2000},
 volume = {27},
 number = {4},
 month = mar,
 year = {2000},
 issn = {0163-5999},
 pages = {12--19},
 numpages = {8},
 url = {http://doi.acm.org/10.1145/346000.346004},
 doi = {10.1145/346000.346004},
 acmid = {346004},
 publisher = {ACM},
 address = {New York, NY, USA},
 keywords = {QoS, Web server, load distribution},
} 

@inproceedings{p062,
 author = {Charfi, Anis and Mezini, Mira},
 title = {Middleware Services for Web Service Compositions},
 booktitle = {Special Interest Tracks and Posters of the 14th International Conference on World Wide Web},
 series = {WWW '05},
 year = {2005},
 isbn = {1-59593-051-5},
 location = {Chiba, Japan},
 pages = {1132--1133},
 numpages = {2},
 url = {http://doi.acm.org/10.1145/1062745.1062904},
 doi = {10.1145/1062745.1062904},
 acmid = {1062904},
 publisher = {ACM},
 address = {New York, NY, USA},
 keywords = {BPEL, middleware, web service composition},
} 

@inproceedings{p063,
 author = {Srirama, Satish Narayana and Jarke, Matthias and Prinz, Wolfgang},
 title = {Mobile Web Services Mediation Framework},
 booktitle = {Proceedings of the 2Nd Workshop on Middleware for Service Oriented Computing: Held at the ACM/IFIP/USENIX International Middleware Conference},
 series = {MW4SOC '07},
 year = {2007},
 isbn = {978-1-59593-928-9},
 location = {Newport Beach, California},
 pages = {6--11},
 numpages = {6},
 url = {http://doi.acm.org/10.1145/1388336.1388337},
 doi = {10.1145/1388336.1388337},
 acmid = {1388337},
 publisher = {ACM},
 address = {New York, NY, USA},
 keywords = {QoS, enterprise service bus, mobile web services, service discovery},
}

@inproceedings{p064,
 author = {Zhu, Liming and Gorton, Ian and Liu, Yan and Bui, Ngoc Bao},
 title = {Model Driven Benchmark Generation for Web Services},
 booktitle = {Proceedings of the 2006 International Workshop on Service-oriented Software Engineering},
 series = {SOSE '06},
 year = {2006},
 isbn = {1-59593-398-0},
 location = {Shanghai, China},
 pages = {33--39},
 numpages = {7},
 url = {http://doi.acm.org/10.1145/1138486.1138494},
 doi = {10.1145/1138486.1138494},
 acmid = {1138494},
 publisher = {ACM},
 address = {New York, NY, USA},
 keywords = {MDA, code, model-driven development, performance, testing},
} 

@inproceedings{p065,
 author = {Barrett, Ronan and Patcas, Lucian M. and Pahl, Claus and Murphy, John},
 title = {Model Driven Distribution Pattern Design for Dynamic Web Service Compositions},
 booktitle = {Proceedings of the 6th International Conference on Web Engineering},
 series = {ICWE '06},
 year = {2006},
 isbn = {1-59593-352-2},
 location = {Palo Alto, California, USA},
 pages = {129--136},
 numpages = {8},
 url = {http://doi.acm.org/10.1145/1145581.1145612},
 doi = {10.1145/1145581.1145612},
 acmid = {1145612},
 publisher = {ACM},
 address = {New York, NY, USA},
 keywords = {compositions, decentralisation, distribution patterns, mda, web services},
}

@inproceedings{p066,
 author = {Tripathy, Ajaya Kumar and Patra, Manas Ranjan},
 title = {Modeling and Monitoring SLA for Service Based Systems},
 booktitle = {Proceedings of the 2011 International Conference on Intelligent Semantic Web-Services and Applications},
 series = {ISWSA '11},
 year = {2011},
 isbn = {978-1-4503-0474-0},
 location = {Amman, Jordan},
 pages = {10:1--10:6},
 articleno = {10},
 numpages = {6},
 url = {http://doi.acm.org/10.1145/1980822.1980832},
 doi = {10.1145/1980822.1980832},
 acmid = {1980832},
 publisher = {ACM},
 address = {New York, NY, USA},
 keywords = {requirements monitoring, service based systems, service level agreement},
} 

@inproceedings{p067,
 author = {Toma, Ioan and Foxvog, Douglas and Jaeger, Michael C.},
 title = {Modeling QoS Characteristics in WSMO},
 booktitle = {Proceedings of the 1st Workshop on Middleware for Service Oriented Computing (MW4SOC 2006)},
 series = {MW4SOC '06},
 year = {2006},
 isbn = {1-59593-425-1},
 location = {Melbourne, Australia},
 pages = {42--47},
 numpages = {6},
 url = {http://doi.acm.org/10.1145/1169091.1169098},
 doi = {10.1145/1169091.1169098},
 acmid = {1169098},
 publisher = {ACM},
 address = {New York, NY, USA},
 keywords = {QoS, modeling, non-functional properties},
} 

@inproceedings{p068,
 author = {Yao, Yujie and Chen, Haopeng},
 title = {QoS-aware Service Composition Using NSGA-II1},
 booktitle = {Proceedings of the 2Nd International Conference on Interaction Sciences: Information Technology, Culture and Human},
 series = {ICIS '09},
 year = {2009},
 isbn = {978-1-60558-710-3},
 location = {Seoul, Korea},
 pages = {358--363},
 numpages = {6},
 url = {http://doi.acm.org/10.1145/1655925.1655991},
 doi = {10.1145/1655925.1655991},
 acmid = {1655991},
 publisher = {ACM},
 address = {New York, NY, USA},
 keywords = {nondominated sorting genetic algorithm-II, quality of service, service composition, web service},
} 

@inproceedings{p069,
 author = {Garcia, Diego Zuquim Guimar\~{a}es and de Toledo, Maria Beatriz Felgar},
 title = {Semantics-enriched QoS Policies for Web Service Interactions},
 booktitle = {Proceedings of the 12th Brazilian Symposium on Multimedia and the Web},
 series = {WebMedia '06},
 year = {2006},
 isbn = {85-7669-100-0},
 location = {Natal, Rio Grande do Norte, Brazil},
 pages = {35--44},
 numpages = {10},
 url = {http://doi.acm.org/10.1145/1186595.1186601},
 doi = {10.1145/1186595.1186601},
 acmid = {1186601},
 publisher = {ACM},
 address = {New York, NY, USA},
 keywords = {ARL, OWL, UDDI, WS-policy, ontology, policy, quality of service, rule, web service, web service discovery, web service specification},
} 

@inproceedings{p070,
 author = {Li, Wenbin and Badr, Youakim and Biennier, Fr{\'e}d{\'e}rique},
 title = {Service Farming: An Ad-hoc and QoS-aware Web Service Composition Approach},
 booktitle = {Proceedings of the 28th Annual ACM Symposium on Applied Computing},
 series = {SAC '13},
 year = {2013},
 isbn = {978-1-4503-1656-9},
 location = {Coimbra, Portugal},
 pages = {750--756},
 numpages = {7},
 url = {http://doi.acm.org/10.1145/2480362.2480505},
 doi = {10.1145/2480362.2480505},
 acmid = {2480505},
 publisher = {ACM},
 address = {New York, NY, USA},
 keywords = {QoS, ad-hoc, service composition, web service},
} 

@inproceedings{p071,
 author = {Garcia-Valls, Marisol and Basanta-Val, Pablo and Est{\'e}vez-Ayres, Iria},
 title = {Supporting Service Composition and Real-time Execution Throught Characterization of QoS Properties},
 booktitle = {Proceedings of the 6th International Symposium on Software Engineering for Adaptive and Self-Managing Systems},
 series = {SEAMS '11},
 year = {2011},
 isbn = {978-1-4503-0575-4},
 location = {Waikiki, Honolulu, HI, USA},
 pages = {110--117},
 numpages = {8},
 url = {http://doi.acm.org/10.1145/1988008.1988024},
 doi = {10.1145/1988008.1988024},
 acmid = {1988024},
 publisher = {ACM},
 address = {New York, NY, USA},
 keywords = {distributed systems, quality of service, resource management, service composition},
} 

@inproceedings{p072,
 author = {Laleh, Touraj and Khodadadi, Arash and Mokhov, Serguei A. and Paquet, Joey and Yan, Yuhong},
 title = {Toward Policy-Based Dynamic Context-Aware Adaptation Architecture for Web Service Composition},
 booktitle = {Proceedings of the 2014 International C* Conference on Computer Science \& Software Engineering},
 series = {C3S2E '14},
 year = {2014},
 isbn = {978-1-4503-2712-1},
 location = {Montreal, QC, Canada},
 pages = {23:1--23:6},
 articleno = {23},
 numpages = {6},
 url = {http://doi.acm.org/10.1145/2641483.2641528},
 doi = {10.1145/2641483.2641528},
 acmid = {2641528},
 publisher = {ACM},
 address = {New York, NY, USA},
 keywords = {adaptation, context-awareness, dynamic web service composition, policy},
} 

@inproceedings{p073,
 author = {Chen, Manman and Tan, Tian Huat and Sun, Jun and Liu, Yang and Dong, Jin Song},
 title = {VeriWS: A Tool for Verification of Combined Functional and Non-functional Requirements of Web Service Composition},
 booktitle = {Companion Proceedings of the 36th International Conference on Software Engineering},
 series = {ICSE Companion 2014},
 year = {2014},
 isbn = {978-1-4503-2768-8},
 location = {Hyderabad, India},
 pages = {564--567},
 numpages = {4},
 url = {http://doi.acm.org/10.1145/2591062.2591070},
 doi = {10.1145/2591062.2591070},
 acmid = {2591070},
 publisher = {ACM},
 address = {New York, NY, USA},
 keywords = {Web service composition, functional requirements, nonfunctional requirements, verification},
}

@inproceedings{p074,
 author = {Jiang, Bo and Chan, W. K. and Zhang, Zhenyu and Tse, T. H.},
 title = {Where to Adapt Dynamic Service Compositions},
 booktitle = {Proceedings of the 18th International Conference on World Wide Web},
 series = {WWW '09},
 year = {2009},
 isbn = {978-1-60558-487-4},
 location = {Madrid, Spain},
 pages = {1123--1124},
 numpages = {2},
 url = {http://doi.acm.org/10.1145/1526709.1526888},
 doi = {10.1145/1526709.1526888},
 acmid = {1526888},
 publisher = {ACM},
 address = {New York, NY, USA},
 keywords = {service adaptation, service composition},
} 

@inproceedings{p075,
 author = {Di Penta, Massimiliano and Esposito, Raffaele and Villani, Maria Luisa and Codato, Roberto and Colombo, Massimiliano and Di Nitto, Elisabetta},
 title = {WS Binder: A Framework to Enable Dynamic Binding of Composite Web Services},
 booktitle = {Proceedings of the 2006 International Workshop on Service-oriented Software Engineering},
 series = {SOSE '06},
 year = {2006},
 isbn = {1-59593-398-0},
 location = {Shanghai, China},
 pages = {74--80},
 numpages = {7},
 url = {http://doi.acm.org/10.1145/1138486.1138502},
 doi = {10.1145/1138486.1138502},
 acmid = {1138502},
 publisher = {ACM},
 address = {New York, NY, USA},
 keywords = {data mapping, distributed objects, domain specific architectures},
} 

@INPROCEEDINGS{p076, 
author={Kuehne, B.T. and Estrella, J.C. and Peixoto, M.L.M. and Tavares, T.C. and Santana, R.H.C. and Santana, M.J.}, 
booktitle={Network Computing and Applications (NCA), 2010 9th IEEE International Symposium on}, 
title={Dynamic Web Service Composition Middleware: A New Approach for QoS Guarantees}, 
year={2010}, 
month={July}, 
pages={174-177}, 
keywords={Web services;middleware;quality of service;QoS guarantees;dynamic Web service composition middleware;euclidean distance;quality of service;random selection;Engines;Euclidean distance;Heuristic algorithms;Quality of service;Time factors;Web services;Web service Composition;Web service QoS;Web service dynamic binding;Web service selection}, 
doi={10.1109/NCA.2010.30},}

@INPROCEEDINGS{p077, 
author={Klein, Adrian and Ishikawa, F. and Honiden, S.}, 
booktitle={Web Services (ICWS), 2011 IEEE International Conference on}, 
title={Efficient Heuristic Approach with Improved Time Complexity for Qos-Aware Service Composition}, 
year={2011}, 
month={July}, 
pages={436-443}, 
keywords={computational complexity;linear programming;quality of service;search problems;service-oriented architecture;NP hard;QoS aware service composition;hill climbing;linear programming;loosely coupled services;reduced search space;service oriented architecture;time complexity;Algorithm design and analysis;Complexity theory;Genetic algorithms;Heuristic algorithms;Linear programming;Polynomials;Quality of service;Heuristic Algorithm;Hill-Climbing;Initial Bias;Linear Programming;QoS;Quality of Service;Service Composition;Service-oriented Architecture}, 
doi={10.1109/ICWS.2011.60},}

@INPROCEEDINGS{p078, 
author={Cao Jiuxin and Liu Yongsheng and Luo Junzhou and Mao Bo}, 
booktitle={Systems Man and Cybernetics (SMC), 2010 IEEE International Conference on}, 
title={Efficient multi-QoS attributes negotiation for service composition in dynamically changeable environments}, 
year={2010}, 
month={Oct}, 
pages={3118-3124}, 
keywords={Pareto optimisation;Web services;constraint handling;protocols;quality of service;software agents;software architecture;Pareto optimal solution;manger agent;multi QoS attributes negotiation;protocol;quality of service;service composition;uncertain QoS constraints environment;Context;multi-attributes;negotiation agent;negotiation protocol;negotiation strategy;service negotiation}, 
doi={10.1109/ICSMC.2010.5641724}, 
ISSN={1062-922X},}

@INPROCEEDINGS{p079, 
author={Jae-Ho Jang and Dong-Hoon Shin and Kyong-Ho Lee}, 
booktitle={Web Services, 2006. ECOWS '06. 4th European Conference on}, 
title={Fast Quality Driven Selection of Composite Web Services}, 
year={2006}, 
month={Dec}, 
pages={87-98}, 
keywords={Web services;integer programming;linear programming;quality of service;QoS requirements;mixed integer linear programming;optimal strategy;quality driven composite Web service selection;workflow partition strategy;Capacity planning;Computer science;Costs;Decision making;Delay;Large-scale systems;Monitoring;Quality of service;Service oriented architecture;Web services}, 
doi={10.1109/ECOWS.2006.21},}

@INPROCEEDINGS{p080, 
author={Agarwal, V. and Jalote, P.}, 
booktitle={Web Services (ICWS), 2010 IEEE International Conference on}, 
title={From Specification to Adaptation: An Integrated QoS-driven Approach for Dynamic Adaptation of Web Service Compositions}, 
year={2010}, 
month={July}, 
pages={275-282}, 
keywords={Web services;formal specification;quality of service;BPEL engine;BPEL process adaptation;NFR specification;QoS-driven approach;WS-BPEL;Web service composition;aspect oriented approach;business process execution language;nonfunctional requirements;quality of service;Business;Engines;Quality of service;Runtime;Semantics;Web services;XML;BPEL;Non-functional properties;QoS;WSDL;adaptation;composite service;web service}, 
doi={10.1109/ICWS.2010.39},}

@INPROCEEDINGS{p081, 
author={Ardagna, D. and Pernici, B.}, 
booktitle={Web Services, 2005. ICWS 2005. Proceedings. 2005 IEEE International Conference on}, 
title={Global and local QoS constraints guarantee in Web service selection}, 
year={2005}, 
month={July}, 
pages={-806}, 
keywords={Internet;commerce;constraint theory;integer programming;linear programming;quality of service;Web service composition problem;Web service selection;business processes;global QoS constraints;local QoS constraints;mixed integer linear problem;service oriented architectures;Adaptive systems;Constraint optimization;Information retrieval;Mixed integer linear programming;Quality of service;Service oriented architecture;Web services}, 
doi={10.1109/ICWS.2005.66},}

@INPROCEEDINGS{p082, 
author={Kaijun Ren and Nong Xiao and Junqiang Song and Chi Yang and Min Zhu and Jinjun Chen}, 
booktitle={Web Services, 2009. ICWS 2009. IEEE International Conference on}, 
title={Gradual Removal of QoS Constraint Violations by Employing Recursive Bargaining Strategy for Optimizing Service Composition Execution Path}, 
year={2009}, 
month={July}, 
pages={485-492}, 
keywords={Web services;optimisation;quality of service;QoS constraint violations;hidden market competitive relationships;optimization policy;quality of service requirements;recursive bargaining strategy;service composition execution path;service providers;Australia;Computer science;Constraint optimization;Costs;Educational institutions;Information technology;Proposals;Quality of service;Software engineering;Web services;Bargaining;Constraint Correction;QoS;Service Composition}, 
doi={10.1109/ICWS.2009.39},}

@INPROCEEDINGS{p083, 
author={Rosenberg, F. and Enzi, C. and Michlmayr, A. and Platzer, C. and Dustdar, S.}, 
booktitle={Enterprise Distributed Object Computing Conference, 2007. EDOC 2007. 11th IEEE International}, 
title={Integrating Quality of Service Aspects in Top-Down Business Process Development Using WS-CDL and WS-BPEL}, 
year={2007}, 
month={Oct}, 
pages={15-15}, 
keywords={Web services;business data processing;quality of service;specification languages;WS-BPEL engine;WS-CDL;Web service template;choreography language;quality of service requirements;service level agreement;service level objective;top-down business process development;Availability;Data engineering;Delay;Distributed computing;Engines;Logic;Quality of service;Runtime;Service oriented architecture;Web services}, 
doi={10.1109/EDOC.2007.23}, 
ISSN={1541-7719},}

@INPROCEEDINGS{p084, 
author={Sanchez, L.E. and Moisan, S. and Rigault, J.-P.}, 
booktitle={Combining Modelling and Search-Based Software Engineering (CMSBSE), 2013 1st International Workshop on}, 
title={Metrics on feature models to optimize configuration adaptation at run time}, 
year={2013}, 
month={May}, 
pages={39-44}, 
keywords={formal specification;object-oriented methods;search problems;best-first search algorithm;component-based systems;configuration adaptation optimization;efficiency property;feature models;heuristic technique;optimality property;software commonalities rule;software configuration rule;software implementation;software run time;software specification;software variability rule;Adaptation models;Heuristic algorithms;Linear programming;Mathematical model;Measurement;Optimization;Search problems;feature model optimization;heuristic search in graphs;real time adaptation;search-based software engineering;software metrics}, 
doi={10.1109/CMSBSE.2013.6604435},}

@INPROCEEDINGS{p085, 
author={Akzhalova, A. and Poernomo, I.}, 
booktitle={Services (SERVICES-1), 2010 6th World Congress on}, 
title={Model Driven Approach for Dynamic Service Composition Based on QoS Constraints}, 
year={2010}, 
month={July}, 
pages={590-597}, 
keywords={dynamic programming;quality of service;software architecture;QoS constraints;SLA metrics;SOA systems;dynamic programming;dynamic service composition;model driven approach;optimal service composition policies;service level agreement;service oriented architecture;Adaptation model;Computational modeling;Computer architecture;Monitoring;Quality of service;Service oriented architecture;Unified modeling language;Model Driven Architecture;Quality of Service;Service Oriented Architectures;optimization;policy generation}, 
doi={10.1109/SERVICES.2010.61},}

@INPROCEEDINGS{p086, 
author={Ortiz, G. and Bordbar, B.}, 
booktitle={Web Services, 2008. ICWS '08. IEEE International Conference on}, 
title={Model-Driven Quality of Service for Web Services: An Aspect-Oriented Approach}, 
year={2008}, 
month={Sept}, 
pages={748-751}, 
keywords={Web services;object-oriented programming;quality of service;Web services;aspect-oriented programming;model-driven development;model-driven quality of service;Capacity planning;Computer displays;Computer languages;Computer science;Computerized monitoring;Delay systems;Power measurement;Quality of service;Software engineering;Web services;Aspect-Oriented Programming;Mode-Driven Development;Quality of Service;Web Services}, 
doi={10.1109/ICWS.2008.52},}

@INPROCEEDINGS{p087, 
author={Bartolini, C. and Bertolino, Antonia and De Angelis, G. and Ciancone, A. and Mirandola, R.}, 
booktitle={Principles of Engineering Service Oriented Systems (PESOS), 2012 ICSE Workshop on}, 
title={Non-functional analysis of service choreographies}, 
year={2012}, 
month={June}, 
pages={8-14}, 
keywords={business data processing;quality of service;service-oriented architecture;BPMN notation;KLAPERSUITE environment;Q4BPMN;QoS constraints;functional BPMN model;model driven engineering techniques;nonfunctional service choreographies analysis;pivot KLAPER notation;quality-of-service;service compositions;Analytical models;Companies;Quality of service;Reliability;Standards;Unified modeling language;BPMN;KLAPER;Service Choreography;non-functional requirements}, 
doi={10.1109/PESOS.2012.6225947}, 
ISSN={2156-7921},}

@INPROCEEDINGS{p088, 
author={Briones, J.F. and de Miguel, M. and Silva, J.P. and Alonso, A.}, 
booktitle={Object/Component/Service-Oriented Real-Time Distributed Computing Workshops (ISORCW), 2010 13th IEEE International Symposium on}, 
title={On the Requirements for Quality Composability Modeling and Analysis}, 
year={2010}, 
month={May}, 
pages={123-129}, 
keywords={embedded systems;quality of service;safety-critical software;software architecture;software quality;systems analysis;COTS development;QoS;constraint satisfaction techniques;embedded systems;model composability analysis;model-driven environment;quality composability modeling;safety-critical systems;system architecture assessment;system design;Computer architecture;Computer industry;Distributed computing;Documentation;Hazards;Performance analysis;Rail transportation;Railway safety;Real time systems;Refining;MARTE UML profile;composability analysis;modeling languages;non-functional properties}, 
doi={10.1109/ISORCW.2010.27},}

@INPROCEEDINGS{p089, 
author={Zernadji, T. and Tibermacine, C. and Cherif, F.}, 
booktitle={Software Architecture (WICSA), 2014 IEEE/IFIP Conference on}, 
title={Processing the Evolution of Quality Requirements of Web Service Orchestrations: A Pattern-Based Approach}, 
year={2014}, 
month={April}, 
pages={139-142}, 
keywords={Web services;formal specification;service-oriented architecture;software maintenance;software quality;Lehman first law of software evolution;Web service orchestration;distributed service oriented software architectures;pattern-based approach;quality evolution intents;quality requirements;service compositions;software artifact;user requirements;Catalogs;Computer architecture;Documentation;Service-oriented architecture;Architecture Evolution;BPEL;Quality Attribute;SOA Pattern}, 
doi={10.1109/WICSA.2014.35},}

@INPROCEEDINGS{p090, 
author={Sun Meng}, 
booktitle={Theoretical Aspects of Software Engineering, 2007. TASE '07. First Joint IEEE/IFIP Symposium on}, 
title={QCCS: A Formal Model to Enforce QoS Requirements in Service Composition}, 
year={2007}, 
month={June}, 
pages={389-400}, 
keywords={calculus of communicating systems;quality of service;software architecture;QCCS;QoS requirements;calculus;calculus of communication systems;quality of service;service composition;service-oriented application;service-oriented systems;Algebra;Calculus;Carbon capture and storage;Computer networks;Costs;Distributed computing;Logic;Quality of service;Service oriented architecture;Web services;Bisimulation;Q-algebra;QCCS;QCTL;Quality of Service;Quantified}, 
doi={10.1109/TASE.2007.37},}

@INPROCEEDINGS{p091, 
author={Thissen, Dirk and Wesnarat, P.}, 
booktitle={Computers and Communications, 2006. ISCC '06. Proceedings. 11th IEEE Symposium on}, 
title={Considering QoS Aspects in Web Service Composition}, 
year={2006}, 
month={June}, 
pages={371-377}, 
keywords={Application software;Computer languages;Computer science;Cost function;Electronic mail;Middleware;Prototypes;Quality of service;Software systems;Web services}, 
doi={10.1109/ISCC.2006.53}, 
ISSN={1530-1346},}

@INPROCEEDINGS{p092, 
author={Bartalos, P. and Bieliková, M.}, 
booktitle={Web Services (ICWS), 2010 IEEE International Conference on}, 
title={QoS Aware Semantic Web Service Composition Approach Considering Pre/Postconditions}, 
year={2010}, 
month={July}, 
pages={345-352}, 
keywords={Web services;quality of service;quality of service;semantic Web service composition;service postcondition;service precondition;Context;Encoding;Ontologies;Quality of service;Semantic Web;Semantics;Web services;QoS;Web services;composition;pre-/post-conditions}, 
doi={10.1109/ICWS.2010.90},}

@INPROCEEDINGS{p093, 
author={Yang Qu and Chuang Lin and Yuan Zhuo Wang and Zhiguang Shan}, 
booktitle={Grid and Cooperative Computing, 2006. GCC 2006. Fifth International Conference}, 
title={QoS-aware Composite Service Selection in Grids}, 
year={2006}, 
month={Oct}, 
pages={458-465}, 
keywords={Web services;grid computing;quality of service;QoS-aware composite service selection;Web service technology;competent services;composite structures;grid computing;service composition;service model;service-oriented application;Application software;Computer science;Grid computing;Linear programming;Mathematical model;Mathematical programming;Quality of service;Roads;Service oriented architecture;Web services}, 
doi={10.1109/GCC.2006.77},}

@INPROCEEDINGS{p094, 
author={Gang Wang and Li Zhang and Jing Jiang and Wei Jiang}, 
booktitle={Software Engineering Conference (APSEC, 2013 20th Asia-Pacific}, 
title={QoS-Based Service Composition under Various QoS Requirements}, 
year={2013}, 
month={Dec}, 
volume={1}, 
pages={67-74}, 
keywords={Web services;optimisation;quality of service;QoS constraints;QoS requirements;QoS technical levels;QoS-based Web service composition;cost priority;multistrategic approach;optimization Web service composition solutions;quality priority;Art;Genetic algorithms;Indexes;Optimization;Quality of service;Spectrogram;Web services;QBand;non-clarity and diversity NFR;service composition;state-of-art QoS}, 
doi={10.1109/APSEC.2013.20}, 
ISSN={1530-1362},}

@INPROCEEDINGS{p095, 
author={Jun Jin and Yuanda Cao and Changyou Zhang and Ruitao Zhou and Jingjing Hu}, 
booktitle={Service Systems and Service Management (ICSSSM), 2011 8th International Conference on}, 
title={Quality constraint driven local optimization for efficient service composition}, 
year={2011}, 
month={June}, 
pages={1-6}, 
keywords={Web services;optimisation;quality of service;LOEM-T method;Web services;global constraints;heuristic service composition method;local optimization enumeration-solution tendency estimation method;quality constraint driven local optimization;Availability;Filtering;Linear programming;Optimization;Quality of service;Web services;QoS;local optimization;mixed integer programming;service composition;stringent degree}, 
doi={10.1109/ICSSSM.2011.5959305}, 
ISSN={2161-1890},}

@INPROCEEDINGS{p096, 
author={Weis, T. and Ulbrich, A. and Geihs, K.}, 
booktitle={Software Engineering, 2003. Proceedings. 25th International Conference on}, 
title={Quality of service engineering with UML, .NET, and CORBA}, 
year={2003}, 
month={May}, 
pages={759-760}, 
keywords={distributed object management;formal specification;middleware;program compilers;quality of service;software quality;software tools;specification languages;.NET;CORBA;UML;code generation;data consistency;distributed object middleware;fault tolerance;platform-independent model;platform-specific model;quality of service;software component;Application software;Availability;Data security;Fault tolerance;Mechanical factors;Middleware;Quality of service;Software quality;Systems engineering and theory;Unified modeling language}, 
doi={10.1109/ICSE.2003.1201274}, 
ISSN={0270-5257},}

@INPROCEEDINGS{p097, 
author={Manshan Lin and Jianshan Xie and Heqing GuoJ and Hao Wang}, 
booktitle={e-Technology, e-Commerce and e-Service, 2005. EEE '05. Proceedings. The 2005 IEEE International Conference on}, 
title={Solving QoS-driven Web service dynamic composition as fuzzy constraint satisfaction}, 
year={2005}, 
month={March}, 
pages={9-14}, 
keywords={Internet;constraint theory;electronic commerce;fuzzy set theory;quality of service;search problems;QoS-driven Web service dynamic composition;deep-first branch-and-bound method;fuzzy consistency checking algorithm;fuzzy constraint satisfaction;online B2B collaboration;search problem;value-added composite Web service;Art;Availability;Explosions;Fuzzy sets;Linear programming;Microstrip;Online Communities/Technical Collaboration;Service oriented architecture;Web and internet services;Web services}, 
doi={10.1109/EEE.2005.122},}

@INPROCEEDINGS{p098, 
author={Loyall, J.P. and Schantz, R.E. and Zinky, J.A. and Bakken, D.E.}, 
booktitle={Object-Oriented Real-time Distributed Computing, 1998. (ISORC 98) Proceedings. 1998 First International Symposium on}, 
title={Specifying and measuring quality of service in distributed object systems}, 
year={1998}, 
month={Apr}, 
pages={43-52}, 
keywords={distributed processing;object-oriented programming;software metrics;software performance evaluation;CDL;Quality Objects;critical applications;distributed object applications;distributed object systems;middleware;non-functional requirements;quality of service;Contracts;Control systems;Electrical capacitance tomography;Operating systems;Q measurement;Quality of service;Remote monitoring;Tellurium}, 
doi={10.1109/ISORC.1998.666767},}

@INPROCEEDINGS{p099, 
author={Erradi, A. and Maheshwari, P. and Padmanabhuni, S.}, 
booktitle={Next Generation Web Services Practices, 2005. NWeSP 2005. International Conference on}, 
title={Towards a policy-driven framework for adaptive Web services composition}, 
year={2005}, 
month={Aug}, 
pages={6 pp.-}, 
keywords={Internet;quality of service;AdaptiveBPEL;QoS;adaptive Web services composition;aspect-oriented software development;quality of service;Application software;Australia;Collaboration;Computer science;Context-aware services;Machine vision;Programming;Quality of service;Software engineering;Web services}, 
doi={10.1109/NWESP.2005.75},}

@INPROCEEDINGS{p100, 
author={Tambe, S. and Dabholkar, A. and Gokhale, A. and Kavimandan, A.}, 
booktitle={Enterprise Distributed Object Computing Conference Workshops, 2008 12th}, 
title={Towards a QoS Modeling and Modularization Framework for Component-based Systems}, 
year={2008}, 
month={Sept}, 
pages={43-49}, 
keywords={object-oriented programming;quality of service;software architecture;software maintenance;software prototyping;software reusability;specification languages;component QoS modeling language;component-based system;domain-specific modeling;independent modeling framework evolution;modularization framework reusability;platform-independent QoS modeling language;quality of service;software maintenance;structural meta model;Condition monitoring;Delay;Embedded system;Fault tolerance;Fault tolerant systems;Predictive models;Quality of service;Scattering;Software design;Software systems}, 
doi={10.1109/EDOCW.2008.60},}

@INPROCEEDINGS{p101, 
author={Incheon Paik and Takada, H. and Huhns, M.N.}, 
booktitle={Web Services, 2008. ICWS '08. IEEE International Conference on}, 
title={Transforming Abstract QoS Requirements, Preferences, and Logic Constraints for Automatic Web Service Composition}, 
year={2008}, 
month={Sept}, 
pages={764-765}, 
keywords={Web services;quality of service;QoS requirements;automatic Web service composition;concrete attributes;logic constraints;semiautomatic transformation;Automatic logic units;Computer science;Concrete;Costs;Information filtering;Information filters;Matched filters;Ontologies;Semantic Web;Web services;Automatic Web Service Composition;Composition Attributes;Constraint Transformation;Semantic Web}, 
doi={10.1109/ICWS.2008.125},}

@INPROCEEDINGS{p102, 
author={Ying Guan and Ghose, A.K. and Zheng Lu}, 
booktitle={Web Services, 2006. ICWS '06. International Conference on}, 
title={Using constraint hierarchies to support QoS-guided service composition}, 
year={2006}, 
month={Sept}, 
pages={743-752}, 
keywords={Web services;constraint handling;quality of service;reasoning about programs;QoS-guided service composition;Web service composition reasoning;Web service selection reasoning;Web services;constraint hierarchies;hierarchical constraint logic programming;multiobjective optimization;quality-of-service;Computer science;Impedance;Laboratories;Logic programming;Machinery;Proposals;Q factor;Quality of service;Uninterruptible power systems;Web services}, 
doi={10.1109/ICWS.2006.143},}

@INPROCEEDINGS{p103, 
author={Bi Lingyan and Yang Jie}, 
booktitle={Emerging Intelligent Data and Web Technologies (EIDWT), 2013 Fourth International Conference on}, 
title={Web Service Combination Algorithm by Using QoS Constraint}, 
year={2013}, 
month={Sept}, 
pages={11-16}, 
keywords={Web services;genetic algorithms;quality of service;software quality;QoS;QoS constraint;Web service combination algorithm;Web service technology;genetic algorithm;Algorithm design and analysis;Biological cells;Genetic algorithms;Quality of service;Semantics;Web services;Wireless sensor networks;Qos;Service Conposition;Web Service}, 
doi={10.1109/EIDWT.2013.7},}

@ARTICLE{p104, 
author={Pengcheng Xiong and Yushun Fan and MengChu Zhou}, 
journal={Automation Science and Engineering, IEEE Transactions on}, 
title={Web Service Configuration Under Multiple Quality-of-Service Attributes}, 
year={2009}, 
month={April}, 
volume={6}, 
number={2}, 
pages={311-321}, 
keywords={Internet;Petri nets;Web services;quality of service;Internet;Petri nets;QoS;Web service;quality-of-service;state-shift equation;Automation;Distributed computing;Equations;Linear programming;Performance analysis;Petri nets;Quality of service;Simple object access protocol;Web and internet services;Web services;Linear programming;Petri nets;modeling and analysis;optimization;web service}, 
doi={10.1109/TASE.2008.2009103}, 
ISSN={1545-5955},}

@article{p105,
title = "Synthy: A system for end to end composition of web services ",
journal = "Web Semantics: Science, Services and Agents on the World Wide Web ",
volume = "3",
number = "4",
pages = "311 - 339",
year = "2005",
note = "World Wide Web Conference 2005------Semantic Web Track World Wide Web Conference 2005------Semantic Web Track ",
issn = "1570-8268",
doi = "http://dx.doi.org/10.1016/j.websem.2005.09.002",
url = "http://www.sciencedirect.com/science/article/pii/S1570826805000223",
author = "Vikas Agarwal and Girish Chafle and Koustuv Dasgupta and Neeran Karnik and Arun Kumar and Sumit Mittal and Biplav Srivastava",
keywords = "Semantic web",
keywords = "Service composition",
keywords = "Application integration",
keywords = "Ontology",
keywords = "Planning",
keywords = "Quality of Service "
}

@article{p106,
title = "Dynamic adaptation of service compositions with variability models ",
journal = "Journal of Systems and Software ",
volume = "91",
number = "0",
pages = "24 - 47",
year = "2014",
note = "",
issn = "0164-1212",
doi = "http://dx.doi.org/10.1016/j.jss.2013.06.034",
url = "http://www.sciencedirect.com/science/article/pii/S0164121213001465",
author = "G.H. Alférez and V. Pelechano and R. Mazo and C. Salinesi and D. Diaz",
keywords = "Variability",
keywords = "Models at runtime",
keywords = "Autonomic computing",
keywords = "Dynamic adaptation",
keywords = "Dynamic software product line",
keywords = "Web service composition",
keywords = "Constraint programming",
keywords = "Verification "
}

@article{p107,
title = "Self-adapting workflow reconfiguration ",
journal = "Journal of Systems and Software ",
volume = "84",
number = "3",
pages = "510 - 524",
year = "2011",
note = "",
issn = "0164-1212",
doi = "http://dx.doi.org/10.1016/j.jss.2010.10.026",
url = "http://www.sciencedirect.com/science/article/pii/S0164121210002918",
author = "R. Baird and N. Jorgenson and R. Gamble",
keywords = "Workflows",
keywords = "Reconfiguration",
keywords = "Web services",
keywords = "User preference",
keywords = "Dynamism "
}


@article{p108,
title = "Bringing white-box testing to Service Oriented Architectures through a Service Oriented Approach ",
journal = "Journal of Systems and Software ",
volume = "84",
number = "4",
pages = "655 - 668",
year = "2011",
note = "The Ninth International Conference on Quality Software ",
issn = "0164-1212",
doi = "http://dx.doi.org/10.1016/j.jss.2010.10.024",
url = "http://www.sciencedirect.com/science/article/pii/S016412121000289X",
author = "Cesare Bartolini and Antonia Bertolino and Sebastian Elbaum and Eda Marchetti",
keywords = "White-box testing",
keywords = "Coverage adequacy criteria",
keywords = "Testing web services",
keywords = "Service-Oriented Architecture "
}

@article{p109,
title = "COCOA: COnversation-based service \{COmposition\} in pervAsive computing environments with QoS support ",
journal = "Journal of Systems and Software ",
volume = "80",
number = "12",
pages = "1941 - 1955",
year = "2007",
note = "Selected papers from the International Conference on Pervasive Services (ICPS 2006) ",
issn = "0164-1212",
doi = "http://dx.doi.org/10.1016/j.jss.2007.03.002",
url = "http://www.sciencedirect.com/science/article/pii/S0164121207000726",
author = "Sonia Ben Mokhtar and Nikolaos Georgantas and Valérie Issarny",
keywords = "Service oriented architectures",
keywords = "Pervasive computing",
keywords = "Semantic web",
keywords = "Dynamic service composition",
keywords = "Workflow",
keywords = "QoS "
}

@article{p110,
title = "Workflow composition of service level agreements for web services ",
journal = "Decision Support Systems ",
volume = "53",
number = "1",
pages = "234 - 244",
year = "2012",
note = "",
issn = "0167-9236",
doi = "http://dx.doi.org/10.1016/j.dss.2012.01.017",
url = "http://www.sciencedirect.com/science/article/pii/S0167923612000437",
author = "M. Brian Blake and David J. Cummings and Ajay Bansal and Srividya Kona Bansal",
keywords = "Service level agreements",
keywords = "Quality of service",
keywords = "Web services",
keywords = "Service-oriented computing "
}

@article{p111,
title = "Analysis of QoS in cooperative services for real time applications",
journal = "Data \& Knowledge Engineering ",
volume = "67",
number = "3",
pages = "463 - 484",
year = "2008",
note = "",
issn = "0169-023X",
doi = "http://dx.doi.org/10.1016/j.datak.2008.08.004",
url = "http://www.sciencedirect.com/science/article/pii/S0169023X08001067",
author = "F. Buccafurri and P. De Meo and M. Fugini and R. Furnari and A. Goy and G. Lax and P. Lops and S. Modafferi and B. Pernici and D. Redavid and G. Semeraro and D. Ursino",
keywords = "Management issues",
keywords = "Engineering application",
keywords = "Heterogeneous information",
keywords = "Web-Service-based processes",
keywords = "QoS",
keywords = "Cooperative work "
}

@article{p112,
title = "QoS negotiation in service composition ",
journal = "The Journal of Logic and Algebraic Programming ",
volume = "80",
number = "1",
pages = "13 - 24",
year = "2011",
note = "The 2nd Workshop on Formal Languages and Analysis of Contract-Oriented Software (FLACOS’08) ",
issn = "1567-8326",
doi = "http://dx.doi.org/10.1016/j.jlap.2010.04.001",
url = "http://www.sciencedirect.com/science/article/pii/S1567832610000172",
author = "Maria Grazia Buscemi and Ugo Montanari",
keywords = "Process calculi",
keywords = "Service oriented computing",
keywords = "Constraint-based models "
}


@article{p113,
title = "A framework for QoS-aware binding and re-binding of composite web services ",
journal = "Journal of Systems and Software ",
volume = "81",
number = "10",
pages = "1754 - 1769",
year = "2008",
note = "Selected papers from the 30th Annual International Computer Software and Applications Conference (COMPSAC), Chicago, September 7–21, 2006 ",
issn = "0164-1212",
doi = "http://dx.doi.org/10.1016/j.jss.2007.12.792",
url = "http://www.sciencedirect.com/science/article/pii/S0164121208000046",
author = "Gerardo Canfora and Massimiliano Di Penta and Raffaele Esposito and Maria Luisa Villani",
keywords = "Service-oriented architectures",
keywords = "Quality of service",
keywords = "Dynamic binding",
keywords = "Recovery actions",
keywords = "Composite web services "
}

@article{p114,
  added-at = {2006-10-08T12:28:07.000+0200},
  author = {Cardoso, Jorge and Sheth, Amit and Miller, John and Arnold, Jonathan and Kochut, Krys},
  biburl = {http://www.bibsonomy.org/bibtex/26a4e3aa686694e8609507941695bac9c/sudhir},
  interhash = {d01c3582e3556d943953769a96c8d994},
  intrahash = {6a4e3aa686694e8609507941695bac9c},
  journal = {Journal of Web Semantics},
  keywords = {imported},
  number = 3,
  pdf = {157.pdf},
  timestamp = {2006-10-08T12:28:07.000+0200},
  title = {{Quality of Service for Workflows and Web Service Processes}},
  volume = 1,
  year = 2004
}

@article{p115,
title = "Exploiting composition of mobile devices for maximizing user QoS under energy constraints in mobile grid ",
journal = "Information Sciences ",
volume = "279",
number = "0",
pages = "654 - 670",
year = "2014",
note = "",
issn = "0020-0255",
doi = "http://dx.doi.org/10.1016/j.ins.2014.04.018",
url = "http://www.sciencedirect.com/science/article/pii/S0020025514004654",
author = "Li Chunlin and Li Layuan",
keywords = "QoS",
keywords = "Energy consumption",
keywords = "Mobile grid",
keywords = "Device service "
}

@article{p116,
title = "Automated geospatial Web Services composition based on geodata quality requirements ",
journal = "Computers \& Geosciences ",
volume = "47",
number = "0",
pages = "60 - 74",
year = "2012",
note = "Towards a Geoprocessing Web ",
issn = "0098-3004",
doi = "http://dx.doi.org/10.1016/j.cageo.2011.11.020",
url = "http://www.sciencedirect.com/science/article/pii/S0098300411004134",
author = "Sérgio A.B. Cruz and Antonio M.V. Monteiro and Rafael Santos",
keywords = "Service-Oriented Architecture (SOA)",
keywords = "Geoprocessing",
keywords = "Web Service composition",
keywords = "Geospatial analysis",
keywords = "Geodata quality",
keywords = "Artificial intelligence planning method "
}

@article{p117,
title = "Semantic-based automatic service composition with functional and non-functional requirements in design time: A genetic algorithm approach ",
journal = "Information and Software Technology ",
volume = "56",
number = "3",
pages = "352 - 373",
year = "2014",
note = "",
issn = "0950-5849",
doi = "http://dx.doi.org/10.1016/j.infsof.2013.12.001",
url = "http://www.sciencedirect.com/science/article/pii/S0950584913002309",
author = "Yong-Yi FanJiang and Yang Syu",
keywords = "Service composition",
keywords = "Semantic web",
keywords = "Quality of service",
keywords = "Transaction",
keywords = "Genetic algorithm "
}

@article{p118,
title = "A game-theoretic approach for the web services scheduling problem ",
journal = "Expert Systems with Applications ",
volume = "41",
number = "10",
pages = "4743 - 4751",
year = "2014",
note = "",
issn = "0957-4174",
doi = "http://dx.doi.org/10.1016/j.eswa.2014.02.016",
url = "http://www.sciencedirect.com/science/article/pii/S0957417414000797",
author = "W. Fontanini and P.A.V. Ferreira",
keywords = "E-commerce",
keywords = "Scheduling",
keywords = "Integer programming",
keywords = "Multiobjective programming",
keywords = "Game theory "
}

@article{p119,
title = "Deriving business processes with service level agreements from early requirements ",
journal = "Journal of Systems and Software ",
volume = "84",
number = "8",
pages = "1351 - 1363",
year = "2011",
note = "",
issn = "0164-1212",
doi = "http://dx.doi.org/10.1016/j.jss.2011.03.077",
url = "http://www.sciencedirect.com/science/article/pii/S0164121211000896",
author = "Ganna Frankova and Magali Séguran and Florian Gilcher and Slim Trabelsi and Jörg Dörflinger and Marco Aiello",
keywords = "Business process",
keywords = "Service level agreement",
keywords = "Requirements engineering "
}

@article{p120,
title = "A real-time perspective of service composition: Key concepts and some contributions ",
journal = "Journal of Systems Architecture ",
volume = "59",
number = "10, Part D",
pages = "1414 - 1423",
year = "2013",
note = "",
issn = "1383-7621",
doi = "http://dx.doi.org/10.1016/j.sysarc.2013.06.008",
url = "http://www.sciencedirect.com/science/article/pii/S1383762113001239",
author = "M. García Valls and P. Basanta Val",
keywords = "Service composition",
keywords = "Real time systems",
keywords = "Reconfiguration",
keywords = "Service oriented architecture",
keywords = "\{SOA\}",
keywords = "Middleware",
keywords = "Distributed systems "
}

@article{p121,
title = "Dynamic composition of medical support services in the ICU: Platform and algorithm design details ",
journal = "Computer Methods and Programs in Biomedicine ",
volume = "100",
number = "3",
pages = "248 - 264",
year = "2010",
note = "",
issn = "0169-2607",
doi = "http://dx.doi.org/10.1016/j.cmpb.2010.03.019",
url = "http://www.sciencedirect.com/science/article/pii/S0169260710000714",
author = "Anna Hristoskova and Dieter Moeyersoon and Sofie Van Hoecke and Stijn Verstichel and Johan Decruyenaere and Filip De Turck",
keywords = "Dynamic composition",
keywords = "Semantic Web",
keywords = "OWL-S",
keywords = "QoS algorithms",
keywords = "Medical services "
}

@INPROCEEDINGS{p122, 
author={Shanshan Jiang and Yuan Xue and Schmidt, D.C.}, 
booktitle={Mobile and Ubiquitous Systems: Networking Services, 2007. MobiQuitous 2007. Fourth Annual International Conference on}, 
title={Minimum Disruption Service Composition and Recovery over Mobile Ad Hoc Networks}, 
year={2007}, 
month={Aug}, 
pages={1-8}, 
keywords={ad hoc networks;dynamic programming;mobile radio;regression analysis;telecommunication network routing;dynamic programming;linear regression;minimum disruption service composition;mobile ad hoc networks;network routing;reliability;service disruptions;service recovery;service routing;Ad hoc networks;Algorithm design and analysis;Availability;Frequency;Heuristic algorithms;Mobile ad hoc networks;Network topology;Routing;Ubiquitous computing;Wireless networks}, 
doi={10.1109/MOBIQ.2007.4451003},}


@article{p123,
title = "Composing semantic Web services under constraints ",
journal = "Expert Systems with Applications ",
volume = "36",
number = "8",
pages = "11021 - 11029",
year = "2009",
note = "",
issn = "0957-4174",
doi = "http://dx.doi.org/10.1016/j.eswa.2009.02.098",
url = "http://www.sciencedirect.com/science/article/pii/S0957417409002462",
author = "E. Karakoc and P. Senkul",
keywords = "Web service composition",
keywords = "Semantic Web services",
keywords = "Constraints",
keywords = "Constraint programming",
keywords = "Schedule "
}

@article{p124,
title = "A product-line architecture for web service-based visual composition of web applications ",
journal = "Journal of Systems and Software ",
volume = "81",
number = "6",
pages = "855 - 867",
year = "2008",
note = "Agile Product Line Engineering ",
issn = "0164-1212",
doi = "http://dx.doi.org/10.1016/j.jss.2007.10.031",
url = "http://www.sciencedirect.com/science/article/pii/S016412120700252X",
author = "Marcel Karam and Sergiu Dascalu and Haidar Safa and Rami Santina and Zeina Koteich",
keywords = "Product line engineering",
keywords = "Product line architecture",
keywords = "Agile methods",
keywords = "Web services",
keywords = "Visual languages "
}

@article{p125,
title = "Service composition with consideration of interdependent security objectives ",
journal = "Science of Computer Programming ",
volume = "97, Part 2",
number = "0",
pages = "183 - 201",
year = "2015",
note = "Special Issue on Service-Oriented Architecture and Programming (SOAP 2013) ",
issn = "0167-6423",
doi = "http://dx.doi.org/10.1016/j.scico.2014.06.016",
url = "http://www.sciencedirect.com/science/article/pii/S0167642314002962",
author = "Fatih Karatas and Lars Fischer and Dogan Kesdogan",
keywords = "Service-oriented computing",
keywords = "QoS-aware service composition",
keywords = "Multi-Objective Optimization",
keywords = "Interdependent protection goals",
keywords = "\{IT\} security "
}

@article{p126,
title = "A \{SMART\} groundwater portal: An \{OGC\} web services orchestration framework for hydrology to improve data access and visualisation in New Zealand ",
journal = "Computers \& Geosciences ",
volume = "69",
number = "0",
pages = "78 - 86",
year = "2014",
note = "",
issn = "0098-3004",
doi = "http://dx.doi.org/10.1016/j.cageo.2014.04.016",
url = "http://www.sciencedirect.com/science/article/pii/S0098300414001022",
author = "Hermann Klug and Alexander Kmoch",
keywords = "WebGIS",
keywords = "Interoperability",
keywords = "Harmonisation",
keywords = "Metadata",
keywords = "\{CSW\}",
keywords = "\{SDI\} "
}
@article{p127,
title = "Geo-information processing service composition for concurrent tasks: A QoS-aware game theory approach ",
journal = "Computers \& Geosciences ",
volume = "47",
number = "0",
pages = "46 - 59",
year = "2012",
note = "Towards a Geoprocessing Web ",
issn = "0098-3004",
doi = "http://dx.doi.org/10.1016/j.cageo.2011.10.007",
url = "http://www.sciencedirect.com/science/article/pii/S0098300411003384",
author = "Haifeng Li and Qing Zhu and Xiaoxia Yang and Linrong Xu",
keywords = "Geo-information processing service composition",
keywords = "Task concurrency",
keywords = "QoS",
keywords = "Non-cooperative game",
keywords = "Best response "
}

@article{p128,
title = "An efficient and reliable approach for quality-of-service-aware service composition ",
journal = "Information Sciences ",
volume = "269",
number = "0",
pages = "238 - 254",
year = "2014",
note = "",
issn = "0020-0255",
doi = "http://dx.doi.org/10.1016/j.ins.2013.12.015",
url = "http://www.sciencedirect.com/science/article/pii/S0020025513008657",
author = "Jun Li and Xiao-Lin Zheng and Song-Tao Chen and William-Wei Song and De-ren Chen",
keywords = "Service composition",
keywords = "QoS",
keywords = "Trust",
keywords = "Convex hull",
keywords = "Optimal "
}

@article{p129,
title = "The design with object (DwO) approach to Web services composition ",
journal = "Computer Standards \& Interfaces ",
volume = "29",
number = "1",
pages = "54 - 68",
year = "2007",
note = "\{ADC\} Modelling and Testing ",
issn = "0920-5489",
doi = "http://dx.doi.org/10.1016/j.csi.2005.11.001",
url = "http://www.sciencedirect.com/science/article/pii/S0920548905001285",
author = "Wen-Yau Liang and Chun-Che Huang and Horng-Fu Chuang",
keywords = "Web services",
keywords = "Service composition",
keywords = "Design with object",
keywords = "Functional and non-functional properties",
keywords = "Web services description language (WSDL) "
}

@article{p130,
title = "Accurate sub-swarms particle swarm optimization algorithm for service composition ",
journal = "Journal of Systems and Software ",
volume = "90",
number = "0",
pages = "191 - 203",
year = "2014",
note = "",
issn = "0164-1212",
doi = "http://dx.doi.org/10.1016/j.jss.2013.11.1113",
url = "http://www.sciencedirect.com/science/article/pii/S0164121213002860",
author = "Jianxin Liao and Yang Liu and Xiaomin Zhu and Jingyu Wang",
keywords = "Service composition",
keywords = "Particle swarm optimization",
keywords = "Multi-constraint optimal service "
}

@article{p131,
title = "A quality of service (QoS)-aware execution plan selection approach for a service composition process ",
journal = "Future Generation Computer Systems ",
volume = "28",
number = "7",
pages = "1080 - 1089",
year = "2012",
note = "Special section: Quality of Service in Grid and Cloud Computing ",
issn = "0167-739X",
doi = "http://dx.doi.org/10.1016/j.future.2011.08.017",
url = "http://www.sciencedirect.com/science/article/pii/S0167739X11002172",
author = "Min Liu and Mingrui Wang and Weiming Shen and Nan Luo and Junwei Yan",
keywords = "QoS",
keywords = "Service composition",
keywords = "Flexible constraint",
keywords = "Web services "
}

@article{p132,
title = "A novel heuristic algorithm for QoS-aware end-to-end service composition ",
journal = "Computer Communications ",
volume = "34",
number = "9",
pages = "1137 - 1144",
year = "2011",
note = "Special Issue: Next Generation Networks Service Management ",
issn = "0140-3664",
doi = "http://dx.doi.org/10.1016/j.comcom.2010.02.028",
url = "http://www.sciencedirect.com/science/article/pii/S0140366410001039",
author = "Yuan-sheng Luo and Yong Qi and Di Hou and Lin-feng Shen and Ying Chen and Xiao Zhong",
keywords = "Service composition",
keywords = "End-to-end",
keywords = "Multi-constraints optimal path",
keywords = "Meta-heuristic",
keywords = "Cross entropy "
}

@article{p133,
title = "A multi-criteria network-aware service composition algorithm in wireless environments ",
journal = "Computer Communications ",
volume = "35",
number = "15",
pages = "1882 - 1892",
year = "2012",
note = "Smart and Interactive Ubiquitous Multimedia Services ",
issn = "0140-3664",
doi = "http://dx.doi.org/10.1016/j.comcom.2012.02.009",
url = "http://www.sciencedirect.com/science/article/pii/S0140366412000564",
author = "Yuan-sheng Luo and Kun Yang and Qiang Tang and Jianmin Zhang and Bin Xiong",
keywords = "Service composition",
keywords = "Wireless networks",
keywords = "Quality of Service (QoS)",
keywords = "Network-awareness",
keywords = "Algorithms "
}

@article{p134,
title = "Towards an ontology-based approach for specifying and securing Web services ",
journal = "Information and Software Technology ",
volume = "48",
number = "7",
pages = "441 - 455",
year = "2006",
note = "",
issn = "0950-5849",
doi = "http://dx.doi.org/10.1016/j.infsof.2005.05.004",
url = "http://www.sciencedirect.com/science/article/pii/S0950584905000819",
author = "Z. Maamar and N.C. Narendra and S. Sattanathan",
keywords = "Web services",
keywords = "Composition",
keywords = "Context",
keywords = "Ontology",
keywords = "Security "
}

@article{p135,
title = "QoS decomposition for service composition using genetic algorithm ",
journal = "Applied Soft Computing ",
volume = "13",
number = "7",
pages = "3409 - 3421",
year = "2013",
note = "",
issn = "1568-4946",
doi = "http://dx.doi.org/10.1016/j.asoc.2012.12.033",
url = "http://www.sciencedirect.com/science/article/pii/S1568494613000021",
author = "Farhad Mardukhi and Naser NematBakhsh and Kamran Zamanifar and Asghar Barati",
keywords = "Service composition",
keywords = "Global optimization",
keywords = "Local optimization",
keywords = "Quality constraint decomposition",
keywords = "Genetic algorithm",
keywords = "Quality-degree "
}


@article{p136,
title = "Synthesis of secure adaptors ",
journal = "The Journal of Logic and Algebraic Programming ",
volume = "81",
number = "2",
pages = "99 - 126",
year = "2012",
note = "Formal Languages and Analysis of Contract-Oriented Software (FLACOS'10) ",
issn = "1567-8326",
doi = "http://dx.doi.org/10.1016/j.jlap.2011.08.001",
url = "http://www.sciencedirect.com/science/article/pii/S1567832611000634",
author = "J.A. Martín and F. Martinelli and E. Pimentel",
keywords = "Model-based adaptation",
keywords = "Web service orchestration",
keywords = "Security verification",
keywords = "Adaptor synthesis",
keywords = "Partial model checking",
keywords = "WS-Security "
}

@TECHREPORT{p137,
    author = {Gerardo Canfora and Massimiliano Di Penta},
    title = {A lightweight approach for QoS-aware service composition},
    institution = {In Proc. 2nd International Conference on Service Oriented Computing (ICSOC’04) - short papers},
    year = {2004}
}

@MISC{p138,
    author = {Urjita Thakar and Nirmal Dagdee and Abhishek Agrawal},
    title = {A Methodology to Compose Web Services using Compatible Components based on QoS and Security Requirements of the Users},
    year = {2012}
}

@article{p139,
title = "An improved discrete immune optimization algorithm based on \{PSO\} for QoS-driven web service composition ",
journal = "Applied Soft Computing ",
volume = "12",
number = "8",
pages = "2208 - 2216",
year = "2012",
note = "",
issn = "1568-4946",
doi = "http://dx.doi.org/10.1016/j.asoc.2012.03.040",
url = "http://www.sciencedirect.com/science/article/pii/S156849461200138X",
author = "Xinchao Zhao and Boqian Song and Panyu Huang and Zichao Wen and Jialei Weng and Yi Fan",
keywords = "Immune optimization",
keywords = "Particle swarm optimization",
keywords = "Web service",
keywords = "Quality of Service "
}

@article{p140,
title = "A Petri Nets based functional validation for services composition ",
journal = "Expert Systems with Applications ",
volume = "37",
number = "5",
pages = "3768 - 3776",
year = "2010",
note = "",
issn = "0957-4174",
doi = "http://dx.doi.org/10.1016/j.eswa.2009.11.046",
url = "http://www.sciencedirect.com/science/article/pii/S0957417409009889",
author = "Taejong Yoo and Buhwan Jeong and Hyunbo Cho",
keywords = "Petri Nets",
keywords = "Functional validation",
keywords = "Reachability analysis",
keywords = "Semantics",
keywords = "Service composition",
keywords = "Interoperability "
}

@article{p141,
title = "Autonomous service level agreement negotiation for service composition provision ",
journal = "Future Generation Computer Systems ",
volume = "23",
number = "6",
pages = "748 - 759",
year = "2007",
note = "",
issn = "0167-739X",
doi = "http://dx.doi.org/10.1016/j.future.2007.02.004",
url = "http://www.sciencedirect.com/science/article/pii/S0167739X0700026X",
author = "Jun Yan and Ryszard Kowalczyk and Jian Lin and Mohan B. Chhetri and Suk Keong Goh and Jianying Zhang",
keywords = "Agent technology",
keywords = "Coordination",
keywords = "Negotiation",
keywords = "Service composition",
keywords = "Service level agreement "
}

@INPROCEEDINGS{p142, 
author={Yoo, J.J.-W. and Kumara, S. and Lee, D. and Seog-Chan Oh}, 
booktitle={E-Commerce Technology and the Fifth IEEE Conference on Enterprise Computing, E-Commerce and E-Services, 2008 10th IEEE Conference on}, 
title={A Web Service Composition Framework Using Integer Programming with Non-functional Objectives and Constraints}, 
year={2008}, 
month={July}, 
pages={347-350}, 
keywords={Web services;integer programming;linear programming;Web service composition framework;Web service features;composition software agent;constraint satisfaction;integer linear programming;nonfunctional attributes;nonfunctional objectives;parameter matching;planning-graph;propositional satisfiability technique;syntactic matching;Availability;Blood;Commercialization;Costs;Hospitals;Integer linear programming;Linear programming;Research and development;Software agents;Web services;Integer Programming;K best solutions;Web service composition}, 
doi={10.1109/CECandEEE.2008.144},}

@Article{p143,
  author = 	 {S. Justin Samuel and T. Sasipraba},
  title = 	 {An Approach for Graph based Planning and Quality Driven Composition of Web Services},
  journal = 	 {Indian Journal of Computer Science and Engineering},
  year = 	 {2011},
  OPTkey = 	 {},
  OPTvolume = 	 {},
  OPTnumber = 	 {},
  OPTpages = 	 {},
  OPTmonth = 	 {},
  OPTnote = 	 {},
  OPTannote = 	 {}
}



@INPROCEEDINGS{p144, 
author={Huan Liu and Farong Zhong and Bang Ouyang and Jiajie Wu}, 
booktitle={Web Information Systems and Mining (WISM), 2010 International Conference on}, 
title={An Approach for QoS-Aware Web Service Composition Based on Improved Genetic Algorithm}, 
year={2010}, 
month={Oct}, 
volume={1}, 
pages={123-128}, 
keywords={Web services;genetic algorithms;quality of service;QoS-aware Web service composition;ant colony optimization;genetic algorithm;quality of service;A-G algorithm;Ant Colony Optimization;Genetic Algorithm;service composition}, 
doi={10.1109/WISM.2010.128},}


@INPROCEEDINGS{p145, 
author={Rosenberg, F. and Celikovic, P. and Michlmayr, A. and Leitner, P. and Dustdar, S.}, 
booktitle={Enterprise Distributed Object Computing Conference, 2009. EDOC '09. IEEE International}, 
title={An End-to-End Approach for QoS-Aware Service Composition}, 
year={2009}, 
month={Sept}, 
pages={151-160}, 
keywords={Web services;constraint handling;data flow analysis;integer programming;quality of service;software architecture;specification languages;DSL;QoS-aware service composition;SOA;constraint programming;data flow analysis;domain-specific language;end-to-end approach;enterprise environment;functional requirement;hard constraint;integer programming approach;optimization;quality-of-service;service-oriented architecture;soft constraint;software service;structured composition model;user constraint;Buildings;Constraint optimization;Costs;Data analysis;Distributed computing;Linear programming;Quality of service;Runtime;Service oriented architecture;Software systems;Quality of Service;Service Composition;Web Services}, 
doi={10.1109/EDOC.2009.14}, 
ISSN={1541-7719},}

@incollection{p146,
year={2006},
isbn={978-3-540-68147-2},
booktitle={Service-Oriented Computing – ICSOC 2006},
volume={4294},
series={Lecture Notes in Computer Science},
editor={Dan, Asit and Lamersdorf, Winfried},
doi={10.1007/11948148_26},
title={Modeling Web Services by Iterative Reformulation of Functional and Non-functional Requirements},
url={http://dx.doi.org/10.1007/11948148_26},
publisher={Springer Berlin Heidelberg},
author={Pathak, Jyotishman and Basu, Samik and Honavar, Vasant},
pages={314-326},
language={English}
}

@incollection{p147,
year={2009},
isbn={978-1-4020-9492-7},
booktitle={Trends in Communication Technologies and Engineering Science},
volume={33},
series={Lecture Notes in Electrical Engineering},
editor={Wai, Ping-Kong Alexander and Huang, Xu and Ao, Sio-Iong},
doi={10.1007/978-1-4020-9532-0_7},
title={Decomposition of SQuaRE – Based Requirements for the Needs of SOA Applications},
url={http://dx.doi.org/10.1007/978-1-4020-9532-0_7},
publisher={Springer Netherlands},
keywords={Web service; Security quality requirements engineering; SQuaRE; QoS; SOA; Applications; Decomposition of requirements},
author={Abramowicz, Witold and Haniewicz, Konstanty and Hofman, Radosław and Kaczmarek, Monika and Zyskowski, Dominik},
pages={81-94},
language={English}
}

@article{p148,
 author = {Panagis, Yannis and Papakonstantinou, Konstantinos and Sakkopoulos, Evangelos and Tsakalidis, Athanasios},
 title = {Web Service Workflow Selection Using System and Network QoS Constraints},
 journal = {Int. J. Web Eng. Technol.},
 issue_date = {December 2008},
 volume = {4},
 number = {1},
 month = dec,
 year = {2008},
 issn = {1476-1289},
 pages = {114--134},
 numpages = {21},
 url = {http://dx.doi.org/10.1504/IJWET.2008.016107},
 doi = {10.1504/IJWET.2008.016107},
 acmid = {1358550},
 publisher = {Inderscience Publishers},
 address = {Inderscience Publishers, Geneva, SWITZERLAND},
 keywords = {QoS, quality of service, web service selection, web service workflows, web services},
} 

@inproceedings{p149,
 author = {Di Marco, Antinisca and Pompilio, Claudio and Bertolino, Antonia and Calabr\`{o}, Antonello and Lonetti, Francesca and Sabetta, Antonino},
 title = {Yet Another Meta-model to Specify Non-functional Properties},
 booktitle = {Proceedings of the International Workshop on Quality Assurance for Service-Based Applications},
 series = {QASBA '11},
 year = {2011},
 isbn = {978-1-4503-0826-7},
 location = {Lugano, Switzerland},
 pages = {9--16},
 numpages = {8},
 url = {http://doi.acm.org/10.1145/2031746.2031751},
 doi = {10.1145/2031746.2031751},
 acmid = {2031751},
 publisher = {ACM},
 address = {New York, NY, USA},
 keywords = {meta-model, non-functional properties, service quality model},
} 

@article{p150,
title = "A trust-based game theoretical model for Web services collaboration ",
journal = "Knowledge-Based Systems ",
volume = "27",
number = "0",
pages = "162 - 169",
year = "2012",
note = "",
issn = "0950-7051",
doi = "http://dx.doi.org/10.1016/j.knosys.2011.10.014",
url = "http://www.sciencedirect.com/science/article/pii/S0950705111002346",
author = "Hamdi Yahyaoui",
keywords = "Web services",
keywords = "Collaboration",
keywords = "Game",
keywords = "Trust",
keywords = "Tasks allocation "
}

@article{p151,
title = "Towards context-adaptable Web service policies ",
journal = "Procedia Computer Science ",
volume = "5",
number = "0",
pages = "610 - 617",
year = "2011",
note = "The 2nd International Conference on Ambient Systems, Networks and Technologies (ANT-2011) / The 8th International Conference on Mobile Web Information Systems (MobiWIS 2011) ",
issn = "1877-0509",
doi = "http://dx.doi.org/10.1016/j.procs.2011.07.079",
url = "http://www.sciencedirect.com/science/article/pii/S1877050911004042",
author = "H. Yahyaoui and L. Wang and A. Mourad and M. Almullah and Q.Z. Sheng",
keywords = "Context",
keywords = "Policies",
keywords = "Web Services",
keywords = "Web Service Policy Language",
keywords = "Aspect-oriented Programming "
}

@article{p152,
title = "Quality-of-service oriented web service composition algorithm and planning architecture ",
journal = "Journal of Systems and Software ",
volume = "81",
number = "11",
pages = "2079 - 2090",
year = "2008",
note = "",
issn = "0164-1212",
doi = "http://dx.doi.org/10.1016/j.jss.2008.04.044",
url = "http://www.sciencedirect.com/science/article/pii/S0164121208000952",
author = "Jong Myoung Ko and Chang Ouk Kim and Ick-Hyun Kwon",
keywords = "Web service composition",
keywords = "Quality-of-service (QoS)",
keywords = "QoS-oriented composition algorithm",
keywords = "Constraint satisfaction problem",
keywords = "Web service composition architecture "
}

@article{p153,
title = "Research on dynamic business composition based on web service proxies ",
journal = "Simulation Modelling Practice and Theory ",
volume = "37",
number = "0",
pages = "43 - 55",
year = "2013",
note = "",
issn = "1569-190X",
doi = "http://dx.doi.org/10.1016/j.simpat.2013.05.008",
url = "http://www.sciencedirect.com/science/article/pii/S1569190X13000877",
author = "Ruzhi Xu and Baitao Ji and Bin Zhang and Peiyao Nie",
keywords = "Web Service",
keywords = "Service composition",
keywords = "QoS",
keywords = "Proxy "
}

@article{p154,
title = "Dynamic execution planning for reliable collaborative business processes ",
journal = "Information Sciences ",
volume = "181",
number = "2",
pages = "351 - 361",
year = "2011",
note = "",
issn = "0020-0255",
doi = "http://dx.doi.org/10.1016/j.ins.2010.09.019",
url = "http://www.sciencedirect.com/science/article/pii/S0020025510004597",
author = "Jeyeon Oh and Nam Wook Cho and Hoontae Kim and Yunhong Min and Suk-Ho Kang",
keywords = "Collaborative business process",
keywords = "Quality of service",
keywords = "QoS of web services",
keywords = "Web service",
keywords = "Workflow",
keywords = "Fault-tolerance "
}

@article{p155,
title = "Broker-based SLA-aware composite service provisioning ",
journal = "Journal of Systems and Software ",
volume = "96",
number = "0",
pages = "194 - 201",
year = "2014",
note = "",
issn = "0164-1212",
doi = "http://dx.doi.org/10.1016/j.jss.2014.06.027",
url = "http://www.sciencedirect.com/science/article/pii/S0164121214001459",
author = "Quanwang Wu and Qingsheng Zhu and Xing Jian and Fuyuki Ishikawa",
keywords = "Service composition",
keywords = "Service level agreement",
keywords = "On-demand provisioning "
}

@article{p156,
title = "A monolithic approach to automated composition of semantic web services with the Event Calculus ",
journal = "Knowledge-Based Systems ",
volume = "23",
number = "5",
pages = "440 - 454",
year = "2010",
note = "",
issn = "0950-7051",
doi = "http://dx.doi.org/10.1016/j.knosys.2010.02.006",
url = "http://www.sciencedirect.com/science/article/pii/S0950705110000341",
author = "Cagla Okutan and Nihan Kesim Cicekli",
keywords = "Automatic web service composition",
keywords = "Semantic web services",
keywords = "Event Calculus",
keywords = "Execution of composite web services",
keywords = "OWL-S "
}

@article{p157,
title = "Transactional and QoS-aware dynamic service composition based on ant colony optimization ",
journal = "Future Generation Computer Systems ",
volume = "29",
number = "5",
pages = "1112 - 1119",
year = "2013",
note = "Special section: Hybrid Cloud Computing ",
issn = "0167-739X",
doi = "http://dx.doi.org/10.1016/j.future.2012.12.010",
url = "http://www.sciencedirect.com/science/article/pii/S0167739X12002300",
author = "Quanwang Wu and Qingsheng Zhu",
keywords = "Service composition",
keywords = "Quality of service",
keywords = "Transaction",
keywords = "Ant colony optimization "
}

@article{p158,
title = "QoS-aware web services composition using \{GRASP\} with Path Relinking ",
journal = "Expert Systems with Applications ",
volume = "41",
number = "9",
pages = "4211 - 4223",
year = "2014",
note = "",
issn = "0957-4174",
doi = "http://dx.doi.org/10.1016/j.eswa.2013.12.036",
url = "http://www.sciencedirect.com/science/article/pii/S0957417413010117",
author = "José Antonio Parejo and Sergio Segura and Pablo Fernandez and Antonio Ruiz-Cortés",
keywords = "QoS",
keywords = "Composite web service",
keywords = "\{SOA\}",
keywords = "\{GRASP\}",
keywords = "Path Relinking "
}

@article{p159,
title = "QoS-enabled and self-adaptive connectors for Web Services composition and coordination ",
journal = "Computer Languages, Systems \& Structures ",
volume = "37",
number = "1",
pages = "2 - 23",
year = "2011",
note = "",
issn = "1477-8424",
doi = "http://dx.doi.org/10.1016/j.cl.2010.07.001",
url = "http://www.sciencedirect.com/science/article/pii/S1477842410000242",
author = "J.L. Pastrana and E. Pimentel and M. Katrib",
keywords = "Web Services",
keywords = "Composition",
keywords = "Coordination",
keywords = "Run-time adaptation",
keywords = "Ontology "
}

@article{p160,
title = "QoS and energy management with Petri nets: A self-adaptive framework ",
journal = "Journal of Systems and Software ",
volume = "85",
number = "12",
pages = "2796 - 2811",
year = "2012",
note = "Self-Adaptive Systems ",
issn = "0164-1212",
doi = "http://dx.doi.org/10.1016/j.jss.2012.04.077",
url = "http://www.sciencedirect.com/science/article/pii/S0164121212001306",
author = "Diego Perez-Palacin and Raffaela Mirandola and José Merseguer",
keywords = "Energy",
keywords = "Performance",
keywords = "Stochastic Petri nets",
keywords = "Software architectures "
}

@article{p161,
title = "A fair optimization scheduling scheme for \{IEEE\} 802.16 networks in multimedia applications ",
journal = "Journal of Visual Communication and Image Representation ",
volume = "21",
number = "2",
pages = "167 - 174",
year = "2010",
note = "Special issue on Network Technologies for Emerging Broadband Multimedia Services ",
issn = "1047-3203",
doi = "http://dx.doi.org/10.1016/j.jvcir.2009.05.004",
url = "http://www.sciencedirect.com/science/article/pii/S1047320309000674",
author = "Leila Pishdad and Hamid R. Rabiee and Nasim Mirarmandehi",
keywords = "Broadband Wireless Access",
keywords = "Scheduling",
keywords = "Knapsack Problem",
keywords = "Quality of Service",
keywords = "Multimedia Networking",
keywords = "\{IEEE\} 802.16 "
}

@article{p162,
title = "A QoS-aware composition method supporting cross-platform service invocation in cloud environment ",
journal = "Journal of Computer and System Sciences ",
volume = "78",
number = "5",
pages = "1316 - 1329",
year = "2012",
note = "\{JCSS\} Special Issue: Cloud Computing 2011 ",
issn = "0022-0000",
doi = "http://dx.doi.org/10.1016/j.jcss.2011.12.016",
url = "http://www.sciencedirect.com/science/article/pii/S0022000011001619",
author = "Lianyong Qi and Wanchun Dou and Xuyun Zhang and Jinjun Chen",
keywords = "Service composition",
keywords = "Cloud environment",
keywords = "QoS",
keywords = "Cross-platform service invocation "
}

@article{p163,
title = "Bloom filter-based workflow management to enable QoS guarantee in wireless sensor networks ",
journal = "Journal of Network and Computer Applications ",
volume = "39",
number = "0",
pages = "38 - 51",
year = "2014",
note = "",
issn = "1084-8045",
doi = "http://dx.doi.org/10.1016/j.jnca.2013.04.002",
url = "http://www.sciencedirect.com/science/article/pii/S1084804513001057",
author = "Endong Tong and Wenjia Niu and Gang Li and Ding Tang and Liang Chang and Zhongzhi Shi and Song Ci",
keywords = "Wireless sensor network",
keywords = "Hierarchical workflow management",
keywords = "QoS guarantee",
keywords = "Bloom filter "
} 

@article{p164,
title = "Appraisal and analysis on various web service composition approaches based on QoS factors ",
journal = "Journal of King Saud University - Computer and Information Sciences ",
volume = "26",
number = "1",
pages = "143 - 152",
year = "2014",
note = "",
issn = "1319-1578",
doi = "http://dx.doi.org/10.1016/j.jksuci.2013.08.003",
url = "http://www.sciencedirect.com/science/article/pii/S1319157813000281",
author = "M. Rajeswari and G. Sambasivam and N. Balaji and M.S. Saleem Basha and T. Vengattaraman and P. Dhavachelvan",
keywords = "Web services",
keywords = "QoS modeling",
keywords = "Analysis",
keywords = "Service composition "
}

@article{p165,
title = "Composition of Semantic Web services using Linear Logic theorem proving ",
journal = "Information Systems ",
volume = "31",
number = "4–5",
pages = "340 - 360",
year = "2006",
note = "The Semantic Web and Web Services ",
issn = "0306-4379",
doi = "http://dx.doi.org/10.1016/j.is.2005.02.005",
url = "http://www.sciencedirect.com/science/article/pii/S030643790500030X",
author = "Jinghai Rao and Peep Küngas and Mihhail Matskin",
keywords = "Service composition",
keywords = "Web service",
keywords = "Semantic Web",
keywords = "Linear Logic Theorem Proving "
}

@article{p166,
title = "Correlation-aware resource service composition and optimal-selection in manufacturing grid ",
journal = "European Journal of Operational Research ",
volume = "201",
number = "1",
pages = "129 - 143",
year = "2010",
note = "",
issn = "0377-2217",
doi = "http://dx.doi.org/10.1016/j.ejor.2009.02.025",
url = "http://www.sciencedirect.com/science/article/pii/S037722170900112X",
author = "Fei Tao and Dongming Zhao and Hu Yefa and Zude Zhou",
keywords = "Manufacturing grid (MGrid)",
keywords = "Resource service composition",
keywords = "Particle swarm optimization (PSO)",
keywords = "Resource service composition model",
keywords = "Resource service composition and optimal-selection "
}

@article{p167,
title = "A workflow framework for intelligent service composition ",
journal = "Future Generation Computer Systems ",
volume = "27",
number = "5",
pages = "627 - 636",
year = "2011",
note = "",
issn = "0167-739X",
doi = "http://dx.doi.org/10.1016/j.future.2010.06.008",
url = "http://www.sciencedirect.com/science/article/pii/S0167739X10001214",
author = "Xudong Song and Wanchun Dou and Jinjun Chen",
keywords = "Workflow framework",
keywords = "Service composition",
keywords = "\{AI\} planning",
keywords = "\{CSP\} "
}

@article{p168,
title = "Semantic annotations for web services discovery and composition ",
journal = "Computer Standards \& Interfaces ",
volume = "31",
number = "6",
pages = "1108 - 1117",
year = "2009",
note = "",
issn = "0920-5489",
doi = "http://dx.doi.org/10.1016/j.csi.2008.09.041",
url = "http://www.sciencedirect.com/science/article/pii/S0920548908001591",
author = "Hassina Nacer Talantikite and Djamil Aissani and Nacer Boudjlida",
keywords = "Semantic annotations",
keywords = "Web service",
keywords = "Discovery",
keywords = "Composition",
keywords = "Matching algorithm "
}

@article{p169,
title = "aWESoME: A web service middleware for ambient intelligence ",
journal = "Expert Systems with Applications ",
volume = "40",
number = "11",
pages = "4380 - 4392",
year = "2013", 
note = "",
issn = "0957-4174",
doi = "http://dx.doi.org/10.1016/j.eswa.2013.01.061",
url = "http://www.sciencedirect.com/science/article/pii/S0957417413000936",
author = "Thanos G. Stavropoulos and Konstantinos Gottis and Dimitris Vrakas and Ioannis Vlahavas",
keywords = "Web services",
keywords = "Real-time and embedded systems",
keywords = "Ubiquitous computing",
keywords = "Wireless sensor networks "
}

@article{p170,
title = "A decomposition-based approach for service composition with global QoS guarantees ",
journal = "Information Sciences ",
volume = "199",
number = "0",
pages = "138 - 153",
year = "2012",
note = "",
issn = "0020-0255",
doi = "http://dx.doi.org/10.1016/j.ins.2012.02.061",
url = "http://www.sciencedirect.com/science/article/pii/S0020025512001892",
author = "Sherry X. Sun and Jing Zhao",
keywords = "Service composition",
keywords = "Quality of service",
keywords = "Utility",
keywords = "Service-oriented architecture "
}







