@inproceedings{woodruff1997supporting,
author = {Woodruff, Allison and Stonebraker, Michael},
booktitle = {Data Engineering, 1997. Proceedings. 13th International Conference on},
organization = {IEEE},
pages = {91--102},
title = {{Supporting fine-grained data lineage in a database visualization environment}},
year = {1997}
}

@incollection{buneman2001and,
author = {Buneman, Peter and Khanna, Sanjeev and Wang-Chiew, Tan},
booktitle = {Database Theoryï¿½ICDT 2001},
pages = {316--330},
publisher = {Springer},
title = {{Why and where: A characterization of data provenance}},
year = {2001}
}

@article{simmhan2005survey,
author = {Simmhan, Yogesh L and Plale, Beth and Gannon, Dennis},
journal = {ACM Sigmod Record},
number = {3},
pages = {31--36},
publisher = {ACM},
title = {{A survey of data provenance in e-science}},
volume = {34},
year = {2005}
}


@article{bose2005lineage,
author = {Bose, Rajendra and Frew, James},
journal = {ACM Computing Surveys (CSUR)},
number = {1},
pages = {1--28},
publisher = {ACM},
title = {{Lineage retrieval for scientific data processing: a survey}},
volume = {37},
year = {2005}
}

@book{cheney2009provenance,
author = {Cheney, James and Chiticariu, Laura and Tan, Wang-Chiew},
publisher = {Now Publishers Inc},
title = {{Provenance in databases: Why, how, and where}},
year = {2009}
}

@article{ikeda2011provenance,
author = {Ikeda, Robert and Park, Hyunjung and Widom, Jennifer},
publisher = {Stanford InfoLab},
title = {{Provenance for generalized map and reduce workflows}},
year = {2011}
}
